2844 4950
633 401 684 410 ...
703 301 840 412 -31,

172 527 254 589 enlm
280 531 387 589 actum
412 524 476 591 tole
498 527 657 607 quidesse
675 526 823 606 debebat,
852 547 944 606 qnam
960 525 1135 603 Dossenni,
1153 529 1229 591 satia
1248 528 1303 591 ob-

171 629 252 691 scuni
268 635 380 706 poetae
398 626 570 712 sepulcrale
580 629 784 710 epigramma3
802 650 860 691 nec
876 629 1000 690 videtur
1016 631 1048 691 in
1065 635 1160 708 poeta
1173 633 1301 708 comico,

172 727 271 808 qualis
289 728 343 793 ille
361 729 475 792 Fabius
492 727 673 792 Dossennus
694 734 777 807 erat,
804 725 914 808 sophia
937 751 976 792 ea
992 731 1091 793 virtus
1110 751 1195 808 esse,
1223 753 1303 810 qnae

168 840 244 909 prae
262 832 374 898 celeris
391 829 548 893 laudanda
564 832 614 894 sit.
633 869 675 878 -
709 827 852 909 Denique
870 832 1039 894 notandum
1057 837 1120 910 est,
1146 833 1179 894 in
1195 832 1303 896 fabula

172 933 302 1012 quadam
318 932 482 1011 Pomponii
498 929 711 1011 Dossennum,
730 933 757 994 si
774 933 896 1011 quidem
914 931 1007 995 lectio
1026 940 1112 996 certa
1130 941 1192 1012 est,
1214 957 1303 1013 prae-

171 1036 302 1114 cepton's
319 1053 445 1096 munere
461 1029 600 1097 lunatum
625 1053 694 1098 esse
711 1032 800 1112 talis,
828 1034 947 1113 qualem
969 1032 1130 1117 plagosum
1149 1033 1304 1097 Orbilium

169 1135 265 1198 luisse
283 1136 420 1215 queritur
436 1133 549 1199 Horat.
567 1136 666 1216 Epist.
684 1135 728 1214 ΙΙ,
747 1142 777 1213 1,
795 1137 927 1220 71110).
945 1173 986 1184 -
1015 1135 1174 1199 Dossenni
1195 1157 1302 1216 persc-

170 1258 243 1301 nam
260 1237 355 1300 ctiam
373 1259 392 1299 e
409 1235 578 1318 Campania
603 1239 732 1317 petitam
758 1259 843 1315 esse,
871 1236 988 1300 nullum
1013 1238 1161 1301 indicium
1185 1246 1301 1302 exstat.

171 1337 206 1402 si
223 1359 242 1400 e
258 1359 399 1418 munere,
427 1361 486 1419 quo
503 1339 704 1425 fungebatur,
730 1337 905 1419 philosophi
932 1342 997 1402 sive
1015 1337 1128 1402 harioli
1151 1342 1303 1404 coniicerc

169 1440 256 1518 licet,
282 1444 383 1520 potius
401 1439 555 1521 Marsum,
584 1460 675 1522 quam
694 1439 884 1521 Campanum
911 1460 981 1504 eum
999 1440 1142 1504 dicerem.
1185 1437 1304 1506 Notum
1405 1433 1406 1478 3

171 1544 253 1606 enin
271 1549 333 1622 est,
360 1541 485 1607 Marsos
508 1565 585 1623 prae
607 1545 717 1607 ceteris
742 1542 851 1606 talium
878 1546 1004 1622 artium,
1031 1542 1136 1623 quales
1162 1565 1196 1607 se
1222 1546 1305 1607 scire
1350 1585 1355 1596 ι
1405 1585 1406 1600 t

168 1641 351 1709 Dossennus
368 1631 589 1726 profitebatur,
604 1647 722 1725 peritos
739 1645 846 1709 fuisse.
878 1643 955 1721 Quis
973 1667 1036 1708 non
1055 1654 1204 1730 agnoscat
1219 1645 1304 1708 Dos-

170 1769 301 1810 sennum
317 1757 458 1811 nostrum
475 1750 507 1809 in
523 1745 594 1809 loco
612 1745 668 1809 illo
687 1745 847 1810 Ciceronis
866 1747 904 1810 de
921 1747 1059 1813 Divinat,
1078 1747 1104 1828 l,
1124 1751 1175 1826 58,
1192 1748 1304 1810 Ennii·

171 1871 230 1928 que
247 1849 404 1928 versibus,
424 1869 499 1928 qnos
517 1847 562 1911 ibi
579 1850 667 1912 citat:
686 1871 775 1929 „nou
791 1848 894 1912 habeo
908 1849 1043 1930 'denique
1060 1851 1152 1912 nauci
1160 1847 1305 1913 Marsum

171 1971 335 2032 augurem,
353 1938 416 2014 noh
434 1952 561 2014 vicanos
578 1951 770 2032 haruspices,
788 1973 851 2016 non
869 1953 907 2014 de
925 1955 1008 2015 circo
1026 1949 1219 2034 astrologos,
1237 1972 1303 2014 non

171 2049 287 2114 Isiacos
305 2055 513 2136 coniectores,
540 2074 603 2116 non
620 2056 807 2132 interpretes
825 2055 1030 2134 somniorum,
1053 2074 1115 2117 non
1132 2055 1214 2117 enim
1231 2061 1306 2116 sunt

169 2154 192 2214 ii
209 2160 264 2217 aut
280 2156 414 2220 scientia
433 2161 487 2219 aut
503 2163 570 2218 arte
588 2155 696 2218 divird:

338 2276 389 2336 sed
407 2279 594 2357 superstitiosi
611 2291 705 2352 vates,
724 2275 955 2360 impudentesque
973 2280 1085 2352 harioli,

338 2391 386 2440 aut
402 2381 524 2453 inertes,
543 2392 591 2441 aut
608 2383 712 2456 insani,
732 2393 783 2442 aut
801 2381 900 2462 quibus
918 2393 1031 2461 egestas
1048 2384 1184 2462 imperat,

340 2485 387 2562 qui
404 2481 457 2542 sibi
475 2485 601 2543 semitam
618 2495 675 2544 non
693 2487 817 2563 sapiunt,
836 2484 918 2544 alteri
936 2494 1094 2542 monstrant
1110 2485 1192 2552 viam,

339 2583 437 2661 quibus
456 2581 566 2641 divitias
578 2584 764 2661 pollicentur,
782 2583 862 2640 abiis
872 2581 1032 2641 drachmam
1043 2582 1246 2661 ipsipauntss
1256 2585 1283 2659 ¹)
1294 2610 1305 2658 ς

339 2681 375 2743 de
394 2683 437 2742 his
455 2683 559 2743 divitiis
576 2683 631 2744 sibi
649 2680 789 2742 deducant
807 2681 980 2755 drachmam,
998 2681 1117 2744 reddant
1137 2694 1243 2744 cetera.

254 2815 339 2881 Miro
364 2838 441 2880 sane
469 2818 563 2881 modo
590 2815 649 2881 hae
676 2824 806 2896 quatuor
830 2838 996 2898 personae,
1023 2817 1188 2897 dequibus
1210 2819 1307 2880 modo

172 2922 305 3004 egimus,
331 2917 473 2994 Maccus,
496 2915 616 2998 Bucco,
642 2919 764 2999 Pappus
783 2925 815 2982 et
831 2917 1032 3000 Dossennus,
1050 2927 1182 3000 quatuor
1197 2940 1308 2999 persc-

172 3023 220 3084 nis
238 3023 304 3084 eius
323 3021 485 3102 hamatis,
503 3020 585 3101 quod
602 3020 658 3085 sub
676 3023 800 3085 nomine
814 3021 993 3086 comoediae
1003 3018 1190 3085 artificiosae
1209 3023 1307 3104 (com-

170 3123 274 3188 medio
291 3121 364 3186 dcll'
383 3125 462 3208 arte)
490 3124 571 3204 apud
595 3122 692 3188 Italos
717 3124 812 3188 hodie
830 3145 948 3205 quoque
969 3121 1077 3204 floret,
1103 3124 1305 3204 respondent.

172 3223 260 3300 Quas
278 3233 410 3306 quatuor
425 3248 574 3306 personas
591 3234 739 3307 tanquam
756 3226 823 3290 ludi
839 3225 992 3289 elementa
1000 3224 1098 3290 Italos
1115 3247 1133 3288 a
1148 3225 1306 3290 veteribus
1402 3277 1403 3296 ,

172 3327 398 3408 quodammodo
416 3326 590 3392 hereditate
608 3332 786 3410 accepisse,
810 3331 873 3392 iam
888 3329 950 3392 viri
967 3329 1050 3391 docti
1066 3325 1304 3415 viderunt112).

173 3427 448 3510 operaepretium
466 3432 539 3510 erit,
566 3428 676 3494 harum
697 3451 900 3512 personarum
917 3429 1201 3509 adumbrationem,
1230 3450 1306 3509 qua·

171 3531 235 3595 lem
261 3529 346 3595 Guil.
363 3528 518 3597 Mttllerus
543 3534 576 3596 in
601 3531 683 3596 libro
710 3555 803 3613 supra
827 3535 891 3596 iam
916 3531 1058 3612 laudato,
1085 3523 1320 3614 exhibet‘113),
1401 3591 1402 3596 ,

173 3634 366 3715 describere,
392 3643 428 3699 ut
443 3633 542 3700 lector
568 3656 673 3700 aarum
690 3633 924 3699 similitudinem
941 3655 979 3698 eo
996 3621 1105 3699 melius
1121 3635 1304 3715 perspiciat:

241 3923 303 3993 11⁰)
320 3927 406 3990 Pomp.
415 3931 497 3978 Mace.
505 3929 569 3992 virg.
578 3931 646 3992 apud
654 3933 719 3978 Nou.
729 3929 905 3978 verecunditcr
911 3944 936 3990 p.
946 3930 1002 4001 116,
1018 3929 1062 3977 33:

382 3999 540 4058 praeteriens
550 3999 612 4046 vidit
620 4000 781 4048 Dossennum
789 3999 816 4046 in
827 3997 887 4046 ludo
896 3997 1101 4066 rererecunditer

382 4080 435 4114 non
444 4068 576 4116 docentem
585 4067 798 4129 condiscipulum,
815 4080 902 4114 verum
911 4065 1066 4128 scalpentem
1073 4068 1153 4114 nates.

242 4151 303 4215 111)
320 4151 407 4212 Pomp.
414 4152 519 4201 Philen:
536 4167 608 4215 „uon
617 4153 693 4200 didici
701 4151 822 4200 hariolari
831 4150 945 4214 gastina

242 4235 301 4300 112)
318 4237 427 4304 Goldoni
435 4239 572 4291 Mauorte·
580 4241 611 4301 11,
629 4253 653 4300 p.
663 4240 720 4287 192.

243 4322 305 4384 11³)
323 4323 395 4386 Rom,
415 4323 520 4390 Rdmer,
539 4323 706 4393 litimonium
715 4325 787 4373 Tem.
795 4325 826 4386 11,
844 4338 870 4386 p.
879 4324 936 4370 12⁵.
