2840 4948
728 241 777 312 70

646 341 853 354 n—-fi—-n-a

273 470 324 533 De
348 472 470 532 scenico
496 473 644 546 apparatu
670 472 794 531 acturas
815 468 945 545 primurn
966 465 1005 528 de
1021 468 1175 544 personis,
1202 466 1315 544 quibas

166 575 236 636 *asi
262 580 334 635 sunt
349 569 502 646 Atellani,
528 569 691 631 dicendum
717 575 774 632 est.
817 565 1072 630 RectelStievius
1094 569 1313 647 notavit²⁰⁶)‚

188 691 390 754 personarann
405 691 495 734 usum
511 675 583 734 ante
599 669 722 732 Liviam
739 668 948 732 Andronicum
964 667 1110 732 Rornauis
1127 671 1188 732 iarn
1204 674 1314 736 uotum

189 775 297 845 luisse3
325 773 487 876 apstigiurn
504 772 586 836 enim
601 791 802 849 personarum
823 771 885 832 iam
902 770 981 848 apud
999 772 1141 850 antiquos
1159 768 1312 855 agricolas

189 877 343 938 invenitur
359 880 482 938 auctore
499 870 589 954 virg.
608 871 723 953 Georg.
741 868 788 949 ll,
812 876 886 934 388:

396 1011 503 1070 eraque
519 991 673 1050 corticibus
691 1001 800 1052 sumant
821 991 962 1056 horrenda
980 993 1094 1063 cavatis,

188 1111 228 1172 ad
246 1131 334 1188 quem
350 1106 452 1169 locum
470 1105 595 1170 Servius
612 1105 690 1170 haec
707 1105 813 1170 habet:
831 1110 926 1187 „quia
943 1129 1069 1172 necesse
1088 1113 1169 1186 crat,
1187 1129 1242 1188 pro
1260 1129 1312 1170 ra-

186 1212 296 1290 „tione
313 1229 472 1271 sacrorum
489 1205 591 1287 aliqua
607 1205 727 1272 ludicra
744 1216 776 1272 et
792 1211 892 1294 turpia
908 1207 989 1288 ficri,
1009 1209 1116 1289 quihus
1133 1215 1238 1288 posset
1254 1231 1312 1290 po-

187 1309 281 1391 „pulo
299 1313 378 1373 risus
396 1311 524 1373 moveri.
572 1307 636 1382 Qui
661 1332 700 1372 ea
725 1309 930 1389 exercebant,
956 1319 1080 1391 propter
1105 1311 1311 1373 verecundiae

187 1413 379 1492 „remedium
405 1409 464 1474 hoe
490 1409 710 1490 adhibuerunt,
745 1433 784 1474 ne
810 1420 1067 1496 agnoscerentur,
1101 1419 1136 1475 at
1160 1433 1310 1491 personas

185 1513 307 1595 „lactas
326 1515 365 1576 de
383 1512 526 1576 arborum
543 1513 708 1576 corticibus
726 1519 918 1577 sumerent.“
960 1513 1042 1576 Hinc
1066 1512 1233 1576 verisimile
1251 1525 1310 1592 est,

184 1619 312 1680 iuvenes
330 1613 486 1678 Romanos
505 1617 598 1677 ctiam
614 1617 647 1676 in
664 1615 727 1676 suis
744 1613 881 1693 lusibus,
895 1618 926 1678 in
936 1615 1135 1678 Fescenninis
1154 1622 1187 1678 et
1202 1622 1312 1696 postea

185 1721 217 1782 in
235 1715 389 1782 Atellanis
406 1736 554 1795 personas
572 1736 744 1794 usurpasse.
788 1713 890 1788 Quum
913 1717 1024 1780 deinde
1043 1739 1062 1779 a
1078 1715 1169 1780 Livio
1187 1716 1310 1780 Andro·

146 1851 149 1865 ·
185 1821 254 1882 nico
274 1817 428 1881 Graecam
455 1817 563 1878 drama
578 1818 610 1879 in
627 1837 752 1878 scenam
768 1817 975 1880 introductum
1001 1826 1102 1897 esset,
1128 1819 1253 1881 iuvenes
1269 1801 1311 1881 de

183 1921 242 1983 hoc
267 1923 333 1982 iure
362 1939 419 1980 suo
449 1915 649 1980 histrionibus
673 1920 842 2002 peregrinis
870 1919 979 1982 cedere
1010 1918 1170 1998 nolebant,
1202 1921 1311 1999 itaque

184 2021 375 2086 Graecarum
391 2015 565 2081 fabularum
583 2026 704 2082 actores
721 2027 978 2103 praetermorem
994 2021 1148 2084 Graecam
1163 2021 1312 2100 prohibiti

183 2129 270 2200 sant,
298 2121 458 2200 quominus
487 2123 628 2199 personis
653 2129 821 2185 uterentur.
872 2121 1014 2187 Lubente
1040 2131 1144 2186 tamen
1169 2130 1310 2208 tempore

183 2225 349 2288 histriones
379 2211 472 2308 etiam
497 2243 552 2300 per
578 2220 708 2285 abusum
733 2225 872 2303 personis
889 2227 934 2287 ati
952 2232 1133 2304 coeperunt,
1160 2227 1246 2288 caius
1264 2228 1310 2290 rei

182 2332 279 2392 testes
298 2329 371 2388 sunt
387 2311 503 2386 Donat.
521 2323 644 2408 Fragrn.
664 2324 702 2387 de
719 2347 798 2388 com.
817 2333 850 2390 et
866 2334 958 2411 trag,
986 2328 1037 2404 qui
1055 2325 1141 2404 dicit,
1159 2335 1309 2404 persona·

183 2423 232 2494 t'os
249 2431 364 2508 primos
383 2427 483 2509 egisse
502 2426 693 2490 comoediam
711 2425 851 2490 Cinciam
869 2433 902 2488 et
923 2425 1090 2506 Faliscum,
1117 2431 1309 2512 tragoediam

182 2529 351 2594 Minatium
370 2535 402 2589 et
420 2525 635 2603 Prothonium,
662 2535 693 2588 et
711 2525 882 2588 Diomodes
900 2525 1099 2606 111‚p.'486‚
1127 2531 1178 2609 qai
1194 2532 1308 2609 prodit,

156 2643 159 2651 '
182 2631 328 2692 Roscium
347 2622 484 2714 Gallam,
512 2645 603 2704 quum
620 2632 712 2687 antea
728 2626 858 2708 galeris,
885 2647 948 2688 non
970 2631 1109 2706 personis
1126 2631 1175 2692 usi
1192 2639 1308 2712 essent,

181 2738 217 2794 at
242 2727 373 2809 qualitas
401 2723 513 2786 coloris
540 2721 686 2787 indicium
710 2724 831 2790 laceret
856 2717 982 2807 aetatis,
1010 2751 1102 2809 quam
1127 2739 1233 2795 essent
1256 2740 1309 2797 aut

182 2829 254 2907 albi,
273 2835 327 2890 aut
343 2824 413 2903 rufi,
432 2832 485 2887 aut
501 2827 591 2906 nigri,
609 2847 741 2904 persona
759 2830 888 2907 primam
905 2831 951 2892 uti
969 2833 1116 2910 coepisse,
1136 2831 1217 2914 quod
1234 2855 1308 2896 oon-

181 2931 220 2995 lis
238 2929 378 2993 obversis
398 2933 480 2988 essct
498 2923 578 3010 (Cic.
597 2927 635 2989 de
652 2924 726 2990 Nat.
745 2929 829 2991 deor.
848 2927 874 3008 l,
893 2934 964 3013 28),
991 2953 1047 2994 nec
1070 2935 1144 2996 satis
1163 2935 1309 2998 decorum

180 3033 213 3097 in
237 3028 394 3111 personis,
425 3029 485 3090 nisi
508 3029 662 3108 parasitus
687 3033 921 3111 pronuntiaret.'
971 3031 1105 3118 Egregie
1136 3032 1309 3100 defenditur

180 3134 258 3197 hacc
284 3131 440 3194 sententia
462 3127 533 3192 loco
551 3127 636 3192 Festi
662 3153 687 3193 s.
705 3154 735 3194 v.
756 3131 955 3196 personatus:
981 3133 1180 3212 „Personata
1201 3137 1309 3201 fabula

181 3228 317 3314 „Naevii
333 3230 526 3309 inscribitur,
554 3253 644 3310 quam
660 3238 772 3312 patant
792 3235 914 3313 quidam
935 3237 1070 3314 primum·
1083 3247 1183 3300 actam
1202 3261 1222 3302 a
1239 3262 1309 3320 per·

181 3336 321 3416 „sonatis
346 3332 560 3406 histrionihas3
586 3333 641 3396 sed
667 3355 737 3397 cum
761 3343 833 3415 post
857 3334 971 3399 multos
998 3359 1095 3401 annos
1118 3341 1258 3402 comoedi
1277 3349 1308 3404 et

181 3437 347 3520 „tragoedi
363 3436 503 3514 personis
521 3435 566 3499 uti
584 3437 763 3514 coeperunt,
790 3437 984 3501 verisimilius
1003 3446 1065 3518 est,
1085 3461 1152 3503 eam
1169 3440 1308 3505 fabulam

181 3544 331 3618 „propter
348 3538 482 3616 inopiam
501 3537 721 3601 comoedorum
737 3544 967 3633 actam-novam
984 3563 1040 3618 per
1056 3539 1237 3622 Atellanos,
1257 3545 1308 3623 qai

181 3627 324 3720 „proprie
342 3649 494 3701 vocantur
509 3641 680 3717 personati,
700 3641 772 3718 quia
788 3640 835 3700 ius
855 3643 972 3719 estiis,
995 3643 1058 3705 tion
1076 3645 1146 3725 cogi
1162 3647 1194 3707 in
1212 3666 1307 3708 scena

181 3760 318 3819 „ponere
334 3757 513 3818 personam,
541 3739 620 3819 quod
649 3737 760 3803 ceteris
778 3739 978 3805 histrionibus
1000 3745 1208 3824 pati‘necesse
1228 3752 1308 3810 est.“

180 3995 266 4045 nius.“
282 4023 316 4033 —
331 3995 380 4043 Pro
398 3999 447 4044 cn.
463 3997 612 4046 Melissae
630 4001 711 4048 scribe
730 3999 789 4047 cat.
802 4001 963 4061 Melissus,
983 3985 1305 4062 utapad'suetueillastr}

181 4067 318 4113 Grammat.
332 4079 353 4110 c.
364 4067 404 4112 21.
439 4063 555 4113 Africani
571 4081 675 4128 nornen,
694 4069 777 4114 ortum
795 4067 916 4116 videlicet·
930 4079 963 4118 ex
981 4071 1258 4132 utncedrntidlrttnio
1275 4075 1306 4118 ah

181 4135 228 4183 hoc
238 4132 542 4209 togataramscriptorum
551 4135 638 4212 ordine
646 4135 823 4206 removendum
832 4149 930 4218 censeo.

248 4234 513 4300 mmaapmm

207 4393 214 4420 t
263 4403 268 4418 ι
