2840 4948
492 209 772 366 *m

96 476 215 565 '„altari
230 479 318 546 loco:
340 475 484 561 „Novius
500 497 576 542 vero
593 477 842 560 Pomponiusque
858 477 947 540 iocos
970 497 1122 564 nonrarc
1140 477 1235 543 dicte·

100 587 171 666 „ria
187 585 373 650 nominant“
390 582 551 645 minimum
566 578 690 660 tribuo,
715 581 749 643 in
767 577 1008 659 altero'tamen,
1036 579 1178 661 quodibi
1195 579 1235 644 de

101 684 293 767 „Atellanae
305 681 507 764 scriptoribus
523 689 696 762 temporum
708 681 830 744 ratione
838 677 945 745 habita
955 681 1030 767 agit,
1048 680 1235 746 nullumodo

101 785 281 868 „Macrobii
306 783 496 869 negligentia
519 783 636 848 iactum
661 784 763 847 videri
788 787 910 863 potest,
940 790 976 847 nt
1000 780 1096 847 Nouii
1120 803 1236 848 nornen

101 887 339 970 „praecederet3
361 887 545 967 praesertim
562 903 655 965 quum
671 883 723 949 vel
739 887 879 962 maxime
894 887 941 948 rei
958 892 1089 950 naturae
1107 893 1237 949 consen·

100 996 253 1070 „taneum
269 991 330 1068 sit,
355 988 395 1052 de
413 985 582 1068 Mamurio,
608 989 660 1067 qui
677 993 776 1051 artem
793 984 992 1050 Atellaniamv
1010 987 1063 1050 din
1083 989 1238 1051 iacentem

102 1091 306 1172 ‚,suscitavit‚
332 1089 438 1174 agenti
455 1090 521 1153 eius
538 1089 751 1171 potissimum,
771 1091 823 1170 qui
839 1089 954 1169 primus
971 1085 1135 1153 Atellanas
1153 1108 1239 1152 com·

102 1194 285 1273 „posnerit,
310 1212 423 1254 nornen
440 1190 641 1255 obversatum
659 1209 741 1254 esse.
785 1187 943 1270 atvero,
967 1197 1109 1271 superest
1130 1192 1238 1270 etiam,

103 1301 182 1375 ,‚ut,
209 1293 290 1374 qnod
314 1301 401 1356 recte
425 1289 497 1356 fieri
516 1309 614 1372 ¹posse
640 1290 797 1371 concedo,
823 1295 1014 1370 statuamus,
1040 1289 1177 1356 Nouium
1207 1305 1240 1356 et
1307 1293 1310 1301 “

101 1391 332 1477 „Pomponium
349 1391 495 1474 aequales
511 1393 628 1471 fnisse,
656 1412 693 1456 ac
709 1393 773 1456 iaru
790 1403 993 1472 quaeramus,
1019 1399 1088 1456 nter
1111 1395 1144 1458 in
1162 1395 1241 1458 seri·-

100 1497 237 1578 „bendis
255 1494 406 1559 Atellania
422 1496 510 1575 prior
525 1494 629 1557 fuerit.
668 1493 796 1557 sivero
813 1500 897 1572 sunt,
915 1515 995 1575 qnae
1011 1517 1104 1575 snpra
1120 1495 1161 1558 de
1177 1493 1241 1558 loci

101 1596 326 1680 „Macrobiani
342 1597 464 1659 ratione
481 1597 606 1674 monui,
624 1591 751 1658 dubium
769 1612 840 1659 ease
857 1602 1061 1676 non'potest,
1084 1598 1157 1678 quin
1174 1593 1239 1660 No·

100 1702 195 1782 „vius
212 1700 296 1778 prior
312 1697 461 1762 dicendus
479 1698 540 1775 sit,
565 1697 626 1760 nisi
643 1701 782 1761 statuere
798 1697 961 1776 uolumus,
988 1719 1114 1790 prorsus
1131 1699 1241 1761 incon·

100 1797 265 1882 „siderate
281 1800 496 1881 atquc'inepte
514 1799 615 1883 egisse
632 1795 865 1862 Macrobiumo‘
885 1797 983 1864 Recte
1005 1800 1128 1880 quidem
1141 1798 1241 1862 Scho-

102 1903 196 1967 berus
213 1898 374 1979 observat,
392 1903 425 1964 in
443 1899 543 1964 altaro
560 1898 616 1962 illo
633 1898 704 1963 loco
721 1906 896 1983 temporum
912 1903 1068 1967 rationem
1085 1899 1241 1965 alllacro·

101 2003 157 2068 bio
181 1999 310 2081 haberi,
344 2001 400 2065 sed
424 2000 503 2066 haec
529 2003 597 2082 ipsa
622 2007 796 2082 temporum
820 2005 903 2067 ratio
930 2006 1015 2088 cogit
1040 2023 1117 2082 uos,
1145 2001 1241 2066 Nouii

70 2123 72 2129 ·
101 2105 328 2185 Pomponiique
361 2097 479 2167 aetates
516 2123 579 2167 non
614 2100 798 2168 distrahere.
861 2101 900 2168 Id
926 2107 1008 2169 enirn
1022 2113 1153 2170 ‘certum
1179 2111 1238 2185 eat,

96 2207 145 2270 de
176 2205 297 2270 duobus
330 2204 544 2268 tantummodo
578 2203 769 2284 temporibus
803 2203 1000 2271 Macrobiuru
1024 2205 1129 2288 loq'ni,
1150 2197 1242 2287 ‘quc-

102 2329 175 2372 rum
200 2305 333 2369 alterum
358 2297 529 2383 Memmio,
564 2303 695 2376 alterurn
724 2302 840 2368 Novio¹
855 2306 1088 2388 Pomponioque
1120 2305 1241 2372 definit.

103 2405 247 2472 Cessisse
277 2407 322 2469 ait
349 2413 422 2485 post
446 2403 584 2469 Novium
617 2397 883 2488 Pomponiumque
918 2415 1018 2471 artem
1051 2406 1242 2487 Atellanam,

102 2510 134 2573 si
170 2505 250 2572 alter
282 2505 411 2586 horum,
450 2515 485 2570 ut
518 2505 660 2587 Nouius,
695 2513 769 2572 ante
802 2507 1009 2590 Pomponium
1042 2511 1177 2573 vixisset
1211 2519 1244 2573 et

103 2610 299 2690 scripsisset,
325 2627 388 2672 nou
414 2608 518 2672 dicere
541 2601 694 2689 potuisset
717 2619 790 2691 post
805 2607 942 2676 Novium
966 2610 1243 2693 Pompeiumque,

102 2711 162 2776 sad
187 2708 366 2790 simpliciter
390 2716 463 2791 post
486 2709 709 2790 Pomponiam,
739 2713 822 2776 unde
855 2721 941 2777 'recte
974 2733 1026 2778 me
1053 2711 1244 2778 conclusisse

102 2820 200 2895 puto,
221 2807 390 2893 'utrumqne
416 2816 521 2875 aetate
546 2833 654 2892 parem
679 2813 786 2878 inisse.
832 2811 979 2880 Ceterum
997 2839 1143 2896 causam,
1162 2815 1244 2898 qnod

102 2913 286 2978 Macrobius
303 2911 400 2976 Nouii
424 2901 539 2978 nornen
565 2918 797 2995 praeposuerit,
825 2915 900 2980 olim
928 2918 1000 2980 dedi
1017 2914 1176 2982 inlibello
1203 2917 1262 2981 de-

101 3015 145 3080 L.
170 3014 342 3096 Pomponio
371 3037 403 3094 p.
429 3021 491 3095 44,
525 3013 579 3078 ubi
608 3015 687 3080 baec
712 3007 834 3097 scripsi:
869 3021 990 3098 „immo
1018 3041 1184 3099 possumus
1210 3019 1243 3080 in

100 3115 231 3198 „altero
255 3114 312 3178 illc
344 3114 437 3195 loco,
472 3117 525 3196 qui
560 3116 600 3179 ad
630 3119 838 3197 sententiam,
873 3139 962 3200 quam
993 3119 1142 3200 protulit,
1177 3139 1244 3182 rna-

102 3217 217 3300 ‚,xim'a
245 3216 349 3280 lacere
373 3217 497 3282 videtur
526 3217 708 3297 Sebobero,
743 3241 869 3284 causum
893 3222 994 3301 ipsam
1020 3221 1153 3300 afferre,
1190 3241 1245 3284 cur

104 3318 225 3402 „Nouii
250 3340 364 3383 nornen
389 3321 605 3401 praeposuerit
629 3317 832 3402 Macrobius,
861 3324 971 3403 quippe
989 3325 1040 3403 qui
1056 3319 1152 3404 paulo
1169 3329 1243 3386 ante

103 3422 169 3504 „de
194 3418 299 3484 Novio
324 3419 446 3485 locutus
471 3423 532 3502 ait,
560 3423 646 3486 cuius
670 3443 806 3503 nornen,
833 3423 1006 3488 adhucdum
1034 3426 1068 3488 iu
1094 3426 1263 3506 memoria,

103 3515 280 3605 „lraerens,
297 3524 434 3606 priorem
450 3521 555 3587 locum
573 3523 734 3605 obtinere,
760 3524 854 3590 facile
872 3534 920 3591 est
938 3523 1136 3605 explicatu;“
1163 3527 1245 3608 quod

103 3625 285 3690 Schoberus
310 3627 344 3689 iu
371 3627 590 3690 dissertatione
616 3646 675 3689 sua
704 3625 831 3691 silentio
856 3630 1076 3708 praetermisit.
1105 3627 1192 3692 ·Sed
1218 3630 1247 3692 si

103 3727 311 3792 concedamus
329 3729 435 3806 etiarn,
453 3725 587 3792 alterum
605 3723 697 3791 alteri
714 3749 878 3810 supparem
893 3729 1001 3808 fuisse,
1019 3727 1093 3809 qnid
1105 3751 1162 3794 nor
1180 3738 1246 3794 sta-

101 3835 193 3893 tuere
210 3835 311 3906 vetat,
321 3827 531 3894 Macrobiam
546 3831 705 3893 contrario
723 3831 847 3908 ordine,
874 3850 966 3910 quam
982 3839 1048 3910 'quo
1060 3830 1245 3896 ‘Soboberus

101 3928 183 4010 vult,
201 3931 365 4010 scriptores
383 3923 600 3994 Atellanarum
617 3951 811 4011 enumerare,
828 3930 874 3996 ita
890 3939 926 3996 ut
942 3954 962 3995 a
977 3923 1114 4012 minore,
1127 3929 1244 4009 Nouio,

103 4032 145 4097 ad
170 4032 341 4110 uraiorenr,
367 4031 594 4115 Pomponium,
622 4033 801 4112 ascendat,
818 4035 1002 4114 praesertim
1027 4055 1121 4116 qaum
1141 4031 1246 4096 Mern-

102 4133 220 4214 mium,
247 4135 299 4216 qui
313 4131 436 4197 'horum
458 4142 526 4198 erat
547 4135 800 4215 recentissimus,
825 4137 925 4216 primo
942 4133 1015 4200 loco
1036 4131 1152 4216 ponatt
1193 4131 1244 4198 Au
1273 4171 1279 4184 -

104 4237 198 4300 etiam
216 4237 355 4318 ineptum
374 4236 457 4300 dicat
466 4244 499 4301 et
515 4235 983 4304 inconsideratnrnlllacrobiunr
999 4239 1125 4302 invem
1134 4233 1244 4300 ordine
