2840 4948
656 281 864 394 A„

199 521 271 570 nem
293 499 476 572 Arlecbinus
503 507 591 591 nugis
618 507 680 568 suis
706 504 904 586 interpellat,
931 505 1077 595 simulans
1102 495 1215 586 inodo,
1240 527 1276 570 se
1304 531 1321 570 e

198 607 280 687 pileo
307 630 414 673 cerasa
438 615 539 671 surnta
565 607 746 686 comedere,
773 628 903 687 quorum
929 607 1054 672 nucleos
1072 607 1204 689 Scapino
1226 611 1258 672 in
1285 631 1323 672 os

198 712 341 789 condicit,
368 711 460 773 modo
486 731 521 772 se
538 730 659 772 muscas
676 710 801 786 venari,
828 731 903 789 quas
931 718 1035 790 captas
1058 708 1115 773 alis
1131 710 1323 790 pedibusque

70 877 75 886 ,
123 841 126 847 ’
199 811 351 892 decerptis
369 811 519 873 devorare
536 807 644 892 fingit,
671 818 704 872 et
720 832 800 890 quae
816 819 889 874 sunt
906 810 968 876 alia
984 810 1167 876 huiusmodi.
1217 811 1323 876 Alium

197 911 331 992 lepidum
357 911 494 974 eiusdem
518 914 641 994 generis
665 913 766 976 iocum
792 921 944 978 memorat
961 911 1043 977 Guil.
1062 911 1179 977 Miiller
1202 911 1271 981 bc.
1291 912 1323 976 11

197 1036 226 1093 p.
246 1020 306 1076 112
323 1035 368 1092 sq.

197 1141 201 1146 Ι
280 1165 378 1230 Recte
396 1165 531 1230 Stievius
556 1165 577 1228 l.
597 1188 624 1229 c.
650 1189 679 1248 p.
699 1171 738 1230 58
764 1171 905 1248 notavit,
930 1169 1094 1234 Atellanos
1120 1168 1323 1249 quodcunque

155 1261 159 1278 ⁸
196 1267 369 1350 Romanum
388 1275 489 1347 esset,
506 1271 538 1332 in
556 1289 644 1332 usum
662 1290 751 1333 sunm
768 1273 974 1350 convertisse,
992 1277 1117 1350 praeter
1134 1269 1214 1333 sales
1231 1272 1322 1333 tritos

195 1369 398 1448 omnibusque
415 1377 525 1447 notos,
549 1371 644 1434 etiam
661 1374 816 1451 carmina,
842 1375 870 1435 si
887 1394 964 1452 quae
980 1374 1096 1436 fuerint
1112 1370 1253 1453 vulgaria
1267 1379 1323 1434 aut

100 1527 104 1538 .
195 1493 303 1536 recens
321 1472 492 1550 composita
508 1473 694 1550 inseruisse,
719 1480 832 1536 testem
856 1472 984 1538 laudans
1010 1472 1137 1537 Sueten.
1160 1471 1321 1550 Galbam,

197 1576 248 1655 qui
272 1572 448 1636 huiusmodi
477 1570 597 1656 vulgati
627 1575 770 1637 carminis
798 1576 919 1638 initium
943 1577 1112 1638 memoriae
1136 1573 1322 1654 prodiderit:

91 1747 100 1764 ,
195 1697 315 1757 „quare
333 1673 483 1738 adventus
502 1676 568 1736 eius
586 1675 643 1754 (sc.
654 1673 786 1756 Galbae)
805 1697 869 1736 non
885 1677 1011 1754 perinde
1028 1688 1134 1757 gratus
1141 1675 1215 1748 iuit3
1231 1675 1323 1754 idque

116 1791 125 1812 ³
195 1779 360 1858 „proximo
378 1773 552 1854 spectaculo
572 1776 720 1853 apparuit.
763 1770 921 1852 Siquidem
937 1765 1109 1854 Atellanis,
1131 1777 1324 1839 notissimum

196 1880 375 1958 „canticmn
400 1877 536 1938 exorsis:
571 1872 686 1938 Venit
710 1877 746 1937 io
772 1873 890 1938 Simus
915 1897 935 1939 a
960 1875 1073 1955 villa,
1108 1879 1208 1940 cuncti
1230 1876 1324 1940 simul

195 1985 411 2060 „spectatores
421 2022 431 2054 ,
452 1977 666 2040 consentiente
683 1997 780 2054 voce,
798 1975 1082 2057 reliquampartem
1099 1977 1268 2052 retulerunt
1286 2000 1325 2041 ac

195 2081 343 2162 „saepius
368 2097 461 2138 versu
485 2079 618 2157 repetito
644 2067 891 2160 egenmt202).“
933 2077 1088 2157 Fuerunt,
1123 2080 1176 2159 qui
1201 2099 1244 2141 ex
1262 2077 1324 2141 hoc

194 2181 264 2244 loco
283 2179 491 2256 conficerent,
516 2175 681 2241 Atellanas
703 2177 911 2262 agricolarum
936 2177 1062 2242 chorum
1084 2179 1323 2260 babuisse²⁰³),

197 2281 277 2364 quod
295 2301 395 2365 nego,
421 2277 560 2343 sitalem
578 2278 723 2359 chorum,
748 2279 866 2359 qualem
885 2279 1005 2344 Graeca
1023 2282 1164 2344 dramata
1181 2281 1323 2346 ostende·

194 2386 277 2463 rint,
303 2390 441 2446 statuere
466 2379 553 2447 velis.
595 2381 677 2445 Ante
693 2379 899 2460 Pomponium
924 2385 1006 2445 enim
1028 2390 1061 2446 et
1081 2381 1217 2446 Novium
1232 2382 1321 2448 ludus
1393 2436 1397 2480 ἢ

194 2493 260 2550 tam
275 2485 361 2548 rudis
377 2483 456 2561 fuit,
476 2490 512 2546 ut
529 2482 567 2545 de
585 2482 681 2545 choro
698 2481 836 2565 legitimo
853 2485 911 2545 vix
928 2485 1124 2567 cogitandum
1140 2486 1199 2564 sit,
1225 2506 1323 2565 neque

195 2584 365 2651 verisimile
383 2590 450 2660 est,
476 2580 535 2644 hos
560 2589 670 2661 poetas
695 2591 954 2674 praetermorem
969 2584 1149 2664 Atellanae,
1176 2607 1268 2665 quam
1283 2587 1323 2648 ad

194 2685 340 2766 palliatae
356 2684 490 2747 tonnam
508 2679 713 2762 effluxerant,
735 2682 862 2748 chorum
885 2684 1051 2749 addidisse.
1094 2684 1203 2768 Neque
1220 2693 1324 2750 tamen

195 2783 311 2850 infitias
328 2783 401 2862 ibo,
427 2782 600 2862 interdum,
626 2787 654 2846 si
678 2805 729 2847 res
756 2785 800 2847 ita
821 2785 947 2864 tulerit,
975 2793 1095 2850 actores
1118 2791 1323 2853 consentienti

195 2879 272 2950 uoce
291 2888 444 2950 canticum
462 2884 614 2963 quoddam
633 2888 752 2968 egisse,
778 2893 814 2948 ut
837 2888 870 2949 in
887 2885 942 2949 illa
959 2909 978 2952 a
995 2886 1144 2953 Suetonio
1166 2892 1262 2954 citata
1278 2891 1324 2954 la-

194 2987 289 3067 bula,
307 2987 361 3050 nbi
377 2985 497 3049 familia
514 2985 670 3049 redeuntis
688 2986 803 3050 domini
822 2991 962 3052 nuntium
977 2991 1086 3053 iocosa
1106 2993 1220 3055 naenia
1237 2994 1324 3056 exci-

196 3093 258 3172 pit3
277 3095 422 3170 quantum
439 3086 601 3151 veretalia
619 3096 726 3151 cantus
744 3111 764 3150 a
780 3087 903 3152 solenni
917 3091 1010 3153 choro
1028 3092 1133 3171 distet,
1151 3114 1243 3156 nemo
1261 3113 1324 3157 non

195 3194 293 3256 videt.
337 3188 439 3254 Simili
455 3189 565 3269 modo,
588 3197 622 3253 ut
639 3191 776 3253 ostendit
794 3189 912 3271 Grysar
928 3189 948 3252 l.
967 3213 993 3254 c.
1011 3214 1041 3274 p.
1059 3197 1120 3256 205
1138 3214 1195 3274 sq,
1221 3197 1255 3258 in
1273 3215 1323 3258 co·

196 3293 320 3358 moedia
344 3289 566 3372 Epicharmea,
602 3293 661 3354 etsi
688 3290 783 3355 choro
807 3289 946 3376 legitimo
973 3293 1117 3373 carebat,
1152 3293 1324 3359 cantilenae

198 3395 350 3476 quaedam
367 3415 433 3456 cum
452 3390 618 3454 saltatione
636 3394 839 3471 coniunctae,
865 3414 928 3456 nou
952 3415 1023 3458 raro
1049 3418 1068 3457 a
1089 3395 1181 3460 turba
1196 3396 1324 3461 histrio·

180 3519 270 3572 ,num
297 3494 486 3571 edebantur,
521 3513 620 3571 neque
646 3491 747 3557 solmn
771 3516 879 3557 recens
905 3498 1113 3578 compositae,
1148 3498 1204 3562 sed
1230 3505 1324 3563 notae

80 3595 85 3608 “
199 3600 312 3675 etiam,
349 3595 382 3658 in
412 3617 465 3659 ore
495 3597 632 3659 omnium
659 3602 840 3676 versantes,
874 3595 973 3678 qualis
1004 3606 1071 3664 erat
1095 3597 1203 3664 Diomi
1227 3599 1324 3665 buco·

197 3697 334 3762 liasmus.

397 3859 403 3872 .,

268 3973 329 4033 202)
346 3972 446 4019 Ernect.
464 3973 496 4019 ad
512 3973 536 4018 h.
552 3972 582 4021 l.:
600 3973 822 4034 „Retulerunt,
840 3974 968 4038 intelligo,
988 3988 1077 4039 voce,
1095 3979 1236 4028 recitarunt
1246 3979 1325 4030 clare

200 4055 296 4104 „voce,
314 4040 490 4100 praecinentes
508 4041 618 4100 cautori;
637 4046 779 4106 egerunt,
796 4043 908 4103 gestibus
925 4043 1012 4104 etiam,
1036 4045 1166 4094 histrionis
1182 4046 1257 4095 modo
1275 4061 1326 4096 ex·

201 4110 375 4173 „presumas
410 4107 537 4169 ldemest,
555 4101 796 4174 querimoniis-5⁴,
813 4111 934 4174 trasuedo
946 4114 1125 4173 pronunciasti
1137 4115 1281 4174 concinere,
1299 4116 1326 4163 et

200 4182 317 4240 „Sestum
325 4175 457 4237 histrionis
470 4176 616 4237 effingere.“

145 4263 147 4268 ’
265 4279 565 4342 maismacense.
