2836 4944
710 193 849 296 roa.¹
913 203 917 210 '

641 327 850 338 -ι--ι--ι

181 454 349 538 scriptores
374 448 604 516 recensentaml
645 448 737 516 Patet
761 451 874 534 igitm,
900 449 979 518 nihil
1004 455 1081 518 certi
1101 452 1224 520 exiliis
1240 453 1311 520 Ma·

180 554 338 622 crcbiauis
354 551 434 620 loeis
450 573 541 634 posse
558 553 637 632 erui,
654 553 716 616 uisi
731 559 893 633 unumque
910 554 1021 618 eodem
1038 562 1177 635 tempore
1192 558 1312 622 vixisse

181 664 214 724 et
228 657 411 737 scripsisse,
436 673 536 734 neque
552 653 625 718 inda
641 674 744 718 meam
769 656 1006 735 opinionem·de
1022 655 1195 750 lamponio
1211 661 1311 739 primo

180 757 397 826 Atellanarum
421 759 571 837 scriptore
591 776 685 836 possa
700 753 814 821 refelli.
856 755 909 820 Ad
925 778 1018 837 quam
1034 759 1200 826 iuvandam
1217 763 1314 825 etiam

180 862 214 926 id
230 862 317 941 lacit,
335 859 416 941 quod
434 856 588 922 Eusebius
605 879 706 939 neque
722 853 869 950 Novium,
879 880 969 939 quem
986 861 1014 924 si
1030 881 1093 924 non
1110 859 1314 928 celebriorem

180 970 285 1029 tamen
303 983 400 1042 aeque
416 960 533 1024 boumn
549 961 732 1041 scriptorem
748 958 910 1041 habemus,
926 981 1028 1042 neque
1044 960 1140 1028 alium
1159 971 1313 1044 recenset,

181 1066 243 1131 nisi
259 1071 409 1129 cosmum·
566 1139 569 1149 Ι
853 1050 855 1058 1

265 1163 371 1249 Negat
386 1185 480 1243 porro
498 1162 676 1230 &habmus
696 1185 728 1245 p.
746 1168 783 1244 8,
807 1184 901 1245 posse
920 1164 1125 1247 Pomponium
1151 1164 1192 1231 cb
1210 1167 1243 1236 id
1260 1189 1315 1232 so·

180 1267 263 1346 lum,
282 1268 364 1348 quod
379 1269 495 1347 primus
515 1264 679 1332 Atellanae
693 1265 832 1336 scribere
850 1287 943 1332 amus
960 1269 1016 1346 sit,
1033 1269 1130 1334 totius
1145 1269 1249 1348 operis
1266 1270 1314 1333 in-

180 1376 344 1437 ventorem
361 1368 441 1449 dici,
459 1389 583 1446 causans
604 1363 810 1446 interserens,
830 1367 971 1434 fabulam
987 1368 1235 1450 Pomponianam
1249 1391 1316 1436 uon

179 1473 227 1536 ita
250 1469 350 1539 multo
376 1472 548 1546 recessisse
570 1469 611 1534 ab
638 1471 766 1549 antiqua
789 1467 948 1537 Atellana.
996 1467 1101 1547 Quare
1127 1493 1191 1537 non
1214 1479 1315 1552 putat,

181 1574 266 1654 quod
282 1572 590 1657 equidemocntepdi
614 1570 653 1634 de
670 1571 710 1637 L.
727 1570 835 1652 Pomp.
861 1595 898 1653 p..
911 1577 951 1636 89
976 1572 1180 1654 Pomponium
1203 1574 1318 1639 eodem
1409 1587 1410 1658 ξ

179 1675 250 1748 iure
266 1678 462 1752 inventorem
475 1670 644 1741 Atellanae
660 1673 722 1736 dici
738 1693 848 1753 posse,
868 1694 927 1758 quc
944 1673 1056 1752 Horat.
1074 1675 1140 1740 Sat.
1157 1673 1184 1754 I,
1202 1681 1254 1755 10,
1271 1680 1317 1740 47
1409 1733 1410 1740 ,

180 1775 335 1842 Lucilium
353 1775 478 1840 Satires
502 1776 719 1853 inventorem,
746 1781 824 1841 etr.
841 1776 1035 1840 diliculum
1056 1777 1104 1860 (ut
1124 1763 1334 1858 aliivolun't,

182 1879 316 1946 eundern
332 1876 501 1953 Luciliumr
528 1875 568 1942 cl.
586 1873 745 1942 Heindorf
758 1878 798 1941 ad
814 1877 846 1941 lu.
863 1876 899 1961 l.)
918 1875 1046 1945 Graecis
1071 1878 1180 1942 intacti
1203 1881 1319 1945 carmi·

180 1984 230 2055 nis
248 1987 408 2047 auctorem
422 1983 527 2045 vocat.
570 1974 643 2043 Non
660 1979 737 2042 satis
754 1977 831 2043 milui
848 1981 1045 2060 perspexisse
1061 1979 1184 2045 videtur
1200 1986 1321 2046 statum

182 2085 395 2148 strationem
419 2100 552 2162 poeseos
577 2077 757 2160 Romanae,
784 2079 884 2161 qualis
909 2089 983 2145 tuno
1007 2081 1076 2149 luit.
1128 2079 1263 2146 Romani
1284 2084 1321 2146 iu

181 2186 308 2265 poetica
325 2191 393 2248 arte
411 2181 604 2247 Graecorum
625 2189 658 2246 et
674 2189 847 2247 sectatores
870 2188 902 2247 ct
917 2181 1034 2248 aemuli
1057 2183 1130 2263 diu,
1158 2201 1236 2263 quae
1261 2201 1321 2266 ge·
1410 2205 1411 2208 ¹

182 2288 281 2352 anina
296 2292 400 2365 eraut,
418 2283 626 2368 neglexerunt
642 2291 676 2358 et
697 2283 801 2349 colere
817 2283 912 2365 plane
928 2282 1164 2352 abstinuerunt.¹
1193 2283 1245 2348 Ita
1261 2305 1320 2363 per

181 2387 311 2474 longum
332 2395 452 2468 tempus
469 2385 605 2452 incultae
622 2385 766 2476 iacebant
782 2393 814 2450 et
831 2385 936 2452 Satira
951 2385 1094 2456 Romana
1111 2391 1143 2449 at
1159 2383 1319 2450 Atellaaa.

183 2489 234 2554 De
253 2491 357 2556 Satira
375 2489 500 2570 quidem
516 2487 638 2572 longius
657 2494 740 2553 asset
757 2495 790 2552 et
806 2507 826 2552 a
843 2509 939 2568 scopo
957 2495 1064 2555 nostro
1082 2485 1227 2565 alienum,
1244 2509 1320 2566 pro·

181 2591 279 2656 lixius
297 2591 483 2668 ostendere,
498 2589 703 2661 §odeberum
720 2589 771 2652 hic
788 2609 911 2688 qnoque
925 2589 1025 2655 multa
1040 2609 1104 2653 uon
1120 2594 1207 2652 recte
1223 2587 1320 2653 intel·

182 2693 301 2778 ligere,
317 2695 350 2758 id
367 2694 559 2774 potissimum
579 2691 807 2771 improbemus,
834 2691 917 2772 quod
932 2689 1057 2762 livium
1072 2689 1284 2760 Andronicum
1302 2713 1320 2756 e
1411 2729 1412 2766 3

183 2794 255 2860 loco
277 2796 370 2861 Livii·
386 2793 532 2858 historici
553 2792 636 2856 niele
660 2789 821 2856 intellecto
847 2794 910 2857 iam
929 2791 1111 2858 ‚Satirarum
1136 2794 1320 2873 scriptorem

183 2897 356 2979 tacitum.
398 2893 450 2963 De
476 2896 579 2968 Satira
596 2895 722 2958 omnino
739 2891 830 2956 multi
847 2895 906 2957 viri
923 2894 1026 2972 docti,
1048 2892 1177 2974 decepti
1190 2915 1320 2974 eompa-

184 3001 323 3078 ratione,
342 3019 433 3078 quam
450 3018 520 3070 cum
539 2995 667 3060 Graecis
686 2995 876 3064 dramatibus
894 2998 1073 3074 instituunt,
1090 3016 1151 3075 qua
1168 2993 1319 3074 duplicem

59 3119 70 3132 ¹
185 3099 361 3166 Satirarum
383 3101 519 3180 speciem
537 3103 698 3176 statuunt,
733 3098 936 3162 dramatioam
961 3104 993 3161 et
1017 3097 1221 3175 didacticum,
1257 3117 1321 3164 non

114 3235 116 3247 ·
185 3210 271 3268 recte
284 3222 433 3278 sensere,
476 3199 581 3274 Satira
597 3201 681 3264 enim
697 3221 852 3282 nunquam
876 3198 943 3264 talc
968 3199 1095 3278 mama,
1121 3196 1213 3278 quale·
1235 3199 1321 3278 apud

175 3454 204 3474 ,κ
256 3427 318 3488 aas)
335 3428 395 3476 lac.
412 3429 474 3484 ps:
493 3424 616 3487 ‚diluisse
633 3437 694 3474 veno
712 3424 852 3483 putandum
869 3425 922 3482 ert,
938 3425 970 3471 cb
983 3437 1040 3473 eam
1053 3423 1276 3472 causam‘ssnuium
1290 3425 1321 3472 ab

188 3495 313 3559 „Horatio
323 3494 417 3558 dictum
427 3507 495 3554 esse,
514 3494 582 3551 quod
594 3492 690 3556 primus
699 3492 796 3540 Satires
810 3491 918 3552 scriptas
933 3491 1086 3553 condiderit,
1103 3491 1180 3556 immo
1188 3503 1221 3536 ue
1229 3490 1322 3546 verisi-

188 3563 267 3624 „mile
277 3562 375 3621 quidem
385 3556 438 3622 eat,
455 3550 480 3608 id
489 3562 597 3621 primurn
606 3561 699 3608 fecisse
708 3560 831 3620 Ennium
848 3571 905 3606 nam
915 3573 945 3607 eo
955 3560 1010 3619 ipso
1019 3560 1076 3608 loco
1085 3557 1163 3619 Lirin,
1174 3559 1246 3617 quiem
1258 3557 1323 3605 citat

188 3629 347 3693 ,‚Mualriua,
359 3629 449 3681 Livius
458 3630 616 3682 Andronicus
625 3631 657 3678 ab
665 3629 775 3689 Saturis,
793 3628 810 3676 i.
819 3639 929 3692 auam
937 3626 1192 3687 tpaeauteessaturaa
1201 3627 1322 3686 scripsis-

188 3703 260 3762 „set,
279 3712 356 3750 ausus
374 3698 541 3756 esaebdicitur
554 3699 653 3763 primm
670 3699 820 3756 argumento
838 3696 949 3750 tabularu
967 3709 1060 3747 serere.
1093 3696 1210 3756 legimur
1220 3695 1321 3753 ibidem,

188 3767 259 3828 „iam
273 3766 309 3814 ite
322 3764 373 3813 illis
386 3751 541 3826 temperans
555 3766 726 3825 comparatam
736 3765 816 3812 tuisse
825 3745 1129 3836 Saturam'dr'amaticam‚
1147 3766 1176 3810 ut
1183 3759 1322 3809 histriones

189 3849 262 3896 „uon
269 3833 338 3886 aaut
344 3838 421 3884 antea
430 3832 670 3889 Fescenninorum
679 3829 790 3882 airnilem
796 3832 992 3892 incompositam
1001 3834 1096 3880 tenere
1106 3844 1138 3879 ac.
1145 3831 1233 3878 rudem
1242 3829 1322 3878 ulter-

188 3903 250 3966 „nia
260 3903 382 3970 iacerent,
400 3902 443 3949 sed
454 3901 573 3972 impletas
580 3901 660 3958 modis¹
670 3901 766 3958 satiras
776 3900 903 3960 descripto
913 3901 964 3964 iam
972 3901 1003 3948 ad
1011 3900 1140 3948 tibicinem
1150 3903 1228 3948 cantu
1237 3900 1323 3948 motu-

177 3979 257 4033 '‚,que
271 3970 421 4031 congruenti
435 3972 593 4030 peragerent.
626 3969 757 4016 Eiusmodi
766 3970 871 4016 Saturna
886 3981 919 4016 ex
928 3971 1042 4028 tempore
1051 3972 1122 4015 actas
1132 3967 1323 4015 essentiane-

190 4039 413 4100 „promanente
430 4036 934 4096 aqutmmuaauquacuanerentrcctmr‘
949 4059 985 4080 «-
999 4036 1065 4084 lduii
1077 4037 1161 4084 locam
1171 4035 1266 4095 optime
1275 4045 1324 4082 ex-

191 4107 482 4168 plicatValer.Max.11,
492 4107 519 4153 4:
536 4103 677 4166 „paulatim
691 4105 780 4152 deinde
793 4104 892 4152 ludicra
905 4118 951 4155 ara
960 4105 993 4151 ad
1005 4105 1147 4155 Satirarum
1159 4103 1254 4161 rnodps
1261 4115 1324 4171 per·

191 4175 304 4236 ‚‚repsit‚
323 4175 437 4232 aquibus
447 4173 541 4233 primur
550 4173 663 4220 orantum
672 4175 748 4232 poeta
756 4173 843 4221 Livius
854 4173 885 4221 ad
896 4173 1037 4222 tabularum
1046 4174 1196 4235 argumenta
1204 4171 1324 4232 spectan-

191 4245 274 4302 „tium
284 4243 408 4298 ocularet
416 4241 687 4294 annueranuclus‘
966 4255 969 4262 ’
