2840 4948
22 4168 28 4205 i

571 289 777 402 AL.

108 526 300 604 „movisset,
318 521 369 584 hic
386 537 545 600 apparere,
562 496 726 580 hairuilihns
743 513 1012 596 petulantibusque
1027 520 1166 597 personis
1183 540 1234 584 uo·

114 623 327 705 „scitantibus
344 620 377 684 iu
394 618 531 683 ridiculis
549 625 581 681 et
597 619 721 699 comicis
739 618 822 680 vitae
840 615 1077 700 conditionibus,
1094 628 1141 700 nt,
1159 643 1235 703 quu-

115 727 232 807 „mudo
247 728 281 787 in
297 726 375 802 vitu,
402 725 447 786 sie
464 722 558 784 etiarn
573 723 608 784 in
623 719 753 783 theatris
771 739 880 781 severa
902 725 935 782 et
950 720 1057 783 iocosa
1073 724 1106 785 in
1123 745 1235 788 eorun-

116 829 212 909 „dem
228 827 356 919 heroum
372 824 444 887 latis
471 824 635 886 coniuncta
659 821 832 886 videantur.
872 817 1028 885 Atellanis
1046 829 1153 886 contra
1170 847 1238 890 uum

117 929 309 1012 „tragoediis
326 923 403 988 nihil
421 925 582 1005 quidquam
600 943 759 986 commune
777 928 857 996 erat3
875 929 1057 1004 argumenta
1074 945 1137 988 nun
1153 911 1239 1006 pete-

119 1031 217 1110 „bant
241 1048 283 1092 ex
306 1026 420 1090 fabulis
446 1027 571 1088 deorum
596 1037 629 1088 et
654 1024 797 1103 heroum,
823 1023 878 1088 sed
905 1045 948 1088 ex
967 1026 1032 1090 vita
1052 1028 1183 1108 rustica,
1208 1034 1242 1092 et

117 1132 212 1212 „loco
230 1129 408 1193 Promethei
433 1137 465 1190 et
487 1124 611 1210 Ulyssls
636 1125 800 1206 prodibant
824 1123 950 1189 Maccus
976 1134 1010 1191 et
1029 1123 1132 1192 Bucco
1159 1136 1191 1194 et
1213 1133 1241 1194 si

119 1236 193 1312 „qui
211 1230 338 1295 similes.
380 1229 588 1315 Etdenique,
615 1230 642 1290 si
659 1228 758 1290 omnis
783 1228 831 1289 vis
850 1237 882 1290 et
897 1231 1021 1308 propria
1039 1228 1152 1293 Gracci
1170 1231 1241 1295 dra·

121 1337 234 1413 „matis
259 1339 371 1396 natura
396 1333 455 1394 sita
473 1337 523 1392 est
538 1332 571 1392 in
587 1329 728 1410 personis
746 1325 944 1410 Satyrorum,
970 1337 1020 1408 ut,
1042 1332 1141 1395 iudice
1159 1331 1240 1398 ller-

121 1455 258 1516 „manno
276 1432 405 1518 (Opuso.
422 1431 448 1510 1,
465 1435 516 1510 45,
535 1432 575 1494 cf.
593 1429 741 1496 Welclrer
757 1430 880 1493 inAdd.
900 1431 939 1492 ad
955 1429 1076 1516 Trilug.
1094 1433 1241 1518 Aeschyl.

122 1535 290 1616 „Franeol
301 1537 394 1612 1826,
411 1555 441 1613 p.
452 1536 526 1615 326)
544 1530 592 1594 his
610 1530 737 1596 sublatis
754 1533 855 1612 ipsum
871 1532 979 1595 drama
992 1532 1168 1615 Satyricum
1184 1537 1243 1601 tol·

122 1637 242 1723 „latnr,
260 1657 319 1716 quo
337 1634 463 1699 tandem
479 1633 544 1697 abit
559 1631 613 1696 illa
630 1632 815 1714 aequalitas,
842 1653 911 1698 cum
931 1636 998 1714 ipse
1014 1633 1103 1698 huius
1122 1658 1242 1718 compa·

123 1740 275 1818 „rationis
293 1745 400 1800 endor
415 1733 583 1799 Diomedes
601 1733 649 1799 111
674 1757 703 1816 p.
721 1740 783 1799 788
801 1737 898 1815 dicat,
920 1737 952 1799 in
970 1757 1009 1798 eu
1026 1738 1158 1816 positam
1175 1761 1244 1804 esse

124 1841 302 1920 „utriusque
320 1839 466 1902 dramatis
481 1837 735 1902 differentiaml“

205 1939 412 2004 Neulrirchins
430 1941 552 2020 quidem
568 1938 716 2002 Romanis
732 1939 872 2030 vindicat
888 1940 982 2004 etiam
1000 1941 1106 2006 drama
1123 1941 1244 2028 Satyri-

124 2061 208 2120 cum,
237 2043 293 2105 sed
323 2041 444 2103 levibus
475 2041 637 2104 admodum
667 2044 855 2126 argumentis
880 2043 964 2104 nisus
977 2045 1058 2128 ²²⁴).
1109 2043 1246 2112 Primum
1337 2029 1346 2036 ⁵

125 2150 246 2221 censet,
263 2163 327 2206 non
343 2141 510 2204 verisimile
527 2163 608 2222 usse,
626 2163 680 2208 eus
698 2143 757 2206 hou
772 2149 837 2206 tam
853 2141 1042 2208 celebratum
1059 2147 1137 2227 apud
1149 2147 1247 2214 Grae-

126 2266 179 2308 cos
196 2243 369 2306 tabularum
386 2263 482 2326 genus
498 2245 649 2307 intactum
665 2263 789 2322 prorsus
806 2243 977 2323 reliquisse.
1021 2245 1098 2326 Sed,
1119 2249 1248 2314 utillud

127 2348 317 2418 omittamus,
344 2345 426 2423 quod
451 2364 514 2406 non
542 2343 641 2404 solum
666 2344 740 2423 hoc,
770 2345 826 2406 sed
852 2344 914 2408 alia
939 2346 1033 2409 etiam
1058 2367 1188 2430 genera,
1214 2358 1249 2415 ut

128 2446 260 2525 priscam
276 2451 308 2509 et
323 2445 457 2508 mediam
469 2445 671 2522 comoediam,
688 2453 723 2506 nt
738 2446 770 2506 in
787 2443 887 2528 lyrica
895 2448 983 2526 poesi
991 2444 1250 2530 dithyrambioum

127 2567 225 2632 genus
251 2553 283 2610 et
309 2547 446 2609 earmina
469 2546 595 2609 doricae
613 2547 748 2625 speciei,
775 2567 839 2618 uon
859 2549 972 2612 imitati
993 2556 1080 2630 sunt,
1107 2574 1146 2616 ne
1162 2551 1251 2620 locus

129 2649 252 2729 quidem
268 2649 398 2711 dramati
416 2646 558 2730 Satyrion
575 2648 608 2709 iu
625 2667 719 2711 scena
735 2647 803 2710 luit.
841 2647 919 2712 Erat
935 2652 1018 2715 enim
1036 2651 1144 2718 drama
1161 2653 1253 2740 Saty-
1272 2663 1276 2671 ‘

127 2753 226 2814 ticum
241 2751 473 2835 tragoediarum
489 2749 723 2831 exodiumpust
734 2747 891 2832 trilogiam
907 2756 1055 2837 tragicam
1071 2777 1253 2838 repraesen-

130 2860 243 2931 tatum,
261 2853 342 2934 quod
359 2873 376 2914 e
394 2859 550 2916 sacrorum
566 2854 690 2916 ratione
707 2853 788 2931 apud
806 2851 944 2918 Graecos
961 2855 1027 2920 lere
1044 2862 1253 2926 necessarium

131 2961 210 3018 erat.
251 2953 319 3018 lam
336 2955 463 3033 scimus,
482 2975 525 3017 ex
542 2955 649 3016 eadem
667 2975 760 3018 causa
778 2955 857 3033 apud
866 2953 1022 3021 Romanum
1040 2959 1165 3024 iuvenes
1182 2984 1253 3028 ver-

126 3047 219 3119 ¹sibus
248 3055 375 3119 alternis
409 3077 478 3118 sese
504 3057 637 3118 invicem
664 3053 855 3119 lacessentes
880 3056 1049 3122 histriones
1074 3063 1252 3144 tragoedias

133 3163 262 3242 agentes
277 3158 311 3219 in
327 3175 420 3220 scena
436 3162 557 3220 secutos
574 3177 658 3235 esse,
685 3177 754 3219 oum
780 3176 838 3236 quo
854 3156 927 3226 ludo
945 3157 1088 3239 deinceps
1108 3161 1254 3229 Atellaua

132 3258 240 3322 fabula
256 3261 419 3322 coniuncta
436 3267 492 3322 est.
533 3257 583 3321 An
605 3259 760 3337 dicamus,
786 3279 841 3322 eos
865 3279 921 3339 pro
939 3257 1085 3324 Atellana
1099 3265 1254 3332 interdum

134 3361 242 3424 mama
259 3359 434 3443 Satyricum
461 3358 604 3424 dedisset
645 3357 857 3441 Nesciremus,
882 3363 957 3442 quid
972 3369 1037 3427 tuum
1055 3384 1108 3428 eos
1125 3357 1254 3447 impedi-

133 3466 245 3541 visset,
273 3463 432 3545 quominus
457 3464 524 3526 sine
544 3468 620 3526 nota
638 3463 672 3525 in
689 3464 856 3546 tragoediis
873 3465 962 3543 ipsis,
989 3467 1102 3530 sivein
1120 3467 1253 3548 palliatis

136 3567 308 3644 eeterisque
340 3563 455 3628 fabulis
485 3563 614 3628 Graecis
641 3571 780 3647 agerent.
830 3563 880 3627 De
904 3563 1018 3630 fabulis
1042 3567 1256 3638 Atellanarum

136 3667 335 3746 scriptorum,
362 3687 490 3747 quarum
514 3671 726 3750 argumentum
751 3687 793 3730 ex
817 3667 948 3730 historia
967 3669 1104 3752 mythice
1123 3679 1256 3740 tractum

135 3765 219 3830 tituli
247 3767 394 3847 probant,
431 3770 495 3831 iam
525 3788 618 3849 snpra
636 3767 795 3860 ¹nonnu'lla
828 3769 1025 3853 protulimus,
1063 3795 1140 3841 mox
1169 3777 1256 3868 plura

139 3867 289 3932 dabimus.

222 3967 372 4034 Veterum
387 3973 566 4036 testimonia
582 3972 621 4036 de
638 3973 826 4046 dramatibus
836 3971 986 4058 satyricis
1004 3982 1084 4060 apud
1100 3981 1255 4052 Romanas

139 4069 256 4135 diserta
280 4071 390 4136 desunt
418 4075 557 4155 omuino,
590 4095 663 4139 uam
692 4096 770 4158 quae
795 4071 1001 4146 Nenlsirohius
1028 4085 1256 4166 comprobantia

207 4295 268 4357 224)
284 4293 531 4359 lieliubulistogstir
542 4311 565 4358 p.
574 4301 606 4346 18
616 4311 651 4358 aq.
