2840 4948
635 278 707 352 113

565 375 775 391 m...-

106 507 247 572 iaotitnta
261 503 394 570 ridiculo
411 503 540 568 desiisse
556 503 646 568 nobis
663 501 817 588 tingamus
833 522 895 567 non
913 503 982 567 sine
998 501 1241 584 dolorcspecta··

105 613 224 687 torum,
254 609 306 687 qui
322 617 539 686 quererentur,
564 608 597 670 iu
612 605 737 688 seriptis
751 603 868 670 tabulis
885 604 1111 685 quodammodo
1135 605 1237 668 immi·

105 715 216 774 amum
234 729 303 773 esse
320 709 438 787 antiqui
465 705 551 770 lusus
568 709 699 793 gretiam
719 715 756 771 et·
770 705 975 771 dulcedinem.
1017 705 1129 786 Itaque
1142 705 1239 770 l’onrv

105 813 217 890 pouius
234 809 408 890 aequalium
425 810 579 874 desiderio
597 815 631 873 et
645 807 799 873 voluntati
819 829 1002 872 oceammur
1019 807 1165 872 Saturum
1182 827 1239 870 an·-
1331 827 1334 836 ¹

106 913 245 992 tiquam,
263 912 284 975 i.
302 933 332 976 c.
349 909 458 976 ludum
473 911 729 976 istumiuve'num
743 909 878 974 liberum
900 918 933 987 et
949 911 1108 990 sndqunm
1124 907 1239 972 lubulis

107 1015 171 1076 stris
188 1011 339 1078 Atellanis
356 1014 478 1092 scriptis
494 1013 808 1092 tauquam‘exodium
826 1012 963 1090 addidit,
988 1011 1082 1092 idque
1098 1011 1162 1076 luit
1174 1013 1240 1074 eim

106 1111 266 1179 inv'entom
282 1135 396 1194 novum
413 1134 510 1194 opus,
532 1134 592 1193 quo
611 1135 681 1178 eum
698 1111 975 1178 commendabilem
994 1115 1069 1178 dicit
1086 1110 1240 1178 Velleius.

106 1214 245 1280 Primum
263 1236 325 1278 non
343 1214 580 1292 animadvertit,
604 1213 652 1278 illi
668 1213 767 1294 plebis
784 1215 943 1279 desiderio
964 1221 997 1279 et
1011 1213 1178 1280 voluntati.
1188 1233 1240 1278 aa·

107 1317 267 1382 tielaotum
283 1336 352 1380 esse
364 1313 484 1396 Mirnis,
502 1319 564 1396 qui,
582 1324 617 1380 ut
632 1315 744 1380 Festum
762 1318 817 1395 ait,
835 1317 868 1380 in
885 1315 1046 1380 orchestra
1061 1315 1256 1397 prodibant,

5 1428 8 1439 '
109 1418 274 1482 dumintus
284 1425 370 1482 uetus
386 1416 513 1483 fabulae
527 1425 800 1498 componerentur,
819 1437 889 1481 cum
900 1417 1045 1482 uersibus
1062 1418 1240 1496 obscoenis,

109 1519 271 1599 quodiam
288 1517 336 1582 M.
347 1517 476 1582 Catonis
493 1526 527 1582 et
533 1518 673 1583 Africani
690 1519 881 1601 temporibus
896 1519 950 1584 nel
963 1527 1037 1584 ante
1054 1539 1109 1582 eos
1125 1519 1241 1583 fuctrrm

110 1643 180 1684 esse
206 1619 351 1700 probavit
376 1618 511 1684 Stiovius
537 1619 670 1703 lep·
683 1625 734 1685 50.
784 1619 909 1686 lleiuda
933 1641 997 1686 non
1022 1621 1136 1702 video,
1152 1639 1243 1700 quo·

108 1722 203 1785 modo
229 1720 284 1785 illa
309 1723 453 1784 iuvenum
469 1722 619 1802 ridicula,
644 1745 725 1805 quae
750 1725 864 1790 exodia
883 1725 1001 1790 interim
1015 1721 1243 1803 Atellanarum,

109 1820 251 1910 Velleius
277 1843 353 1904 opus
370 1821 533 1904 Pomponii
559 1824 664 1891 dicere
683 1828 802 1908 possit,
827 1827 888 1892 nisi
909 1824 1087 1912 Schobcrus
1114 1832 1243 1891 conten-

111 1925 184 2004 dat,
210 1923 416 2007 Pomponium
432 1925 488 1990 bos
507 1929 665 2006 antiquas,
690 1935 727 1991 ut
748 1929 808 2008 uit,
822 1927 956 2003 ⁴Satires
981 1927 1104 2007 litteris.
1120 1949 1244 2010 compo·
1295 1947 1298 1960 ·

109 2028 220 2090 tuisse.
262 2024 305 2089 Et
329 2025 464 2091 fortasse
488 2029 658 2107 testimonii
685 2051 780 2103 cerusa
805 2031 943 2117 proferet
968 2030 1124 2110 Satirnm,
1151 2051 1245 2111 quam

109 2115 314 2208 Pomponium
340 2129 518 2213 scripsisse,
545 2127 738 2194 eRrisciano
763 2151 793 2212 p.
812 2137 874 2200 679
901 2141 933 2198 et
950 2137 1011 2201 726
1029 2131 1156 2199 Putsch.
1183 2135 1245 2206 sci·

110 2251 190 2294 mus.
233 2227 275 2294 At
300 2237 367 2292 tum
383 2231 447 2292 ium
463 2232 639 2310 potuissent
659 2238 851 2316 spectatores
870 2237 965 2302 etiam
982 2236 1091 2316 queri,
1116 2236 1152 2298 in
1167 2236 1247 2299 sori·

109 2331 171 2412 ptis
190 2328 302 2393 Satiris
320 2329 547 2409 quodammodo
563 2333 759 2397 imminutam
778 2354 847 2399 esse
864 2336 988 2414 antiqui
1004 2333 1092 2404 lusus
1109 2337 1243 2419 gratim

114 2437 147 2495 et
165 2429 377 2520 dulcedinemt
391 2452 492 2512 neque
507 2430 615 2510 video,
638 2433 807 2513 quomodo,
835 2455 928 2514 quum
947 2443 1057 2519 negot,
1083 2457 1175 2516 eum,
1193 2437 1247 2516 qui

109 2520 228 2614 primus
246 2526 411 2596 Atellanas
429 2535 604 2613 scripserit,
631 2535 827 2599 inventorem
850 2535 912 2599 dici
927 2557 1039 2618 posse,
1065 2536 1157 2601 nobis
1175 2560 1247 2618 per·
1290 2530 1293 2544 '
1416 2537 1417 2554 ¹

111 2634 243 2700 suadere
262 2632 355 2713 velit,
381 2626 594 2715 Pomponium
603 2633 730 2700 Sauras
741 2632 930 2702 scribentem
945 2648 1032 2705 recte
1048 2643 1246 2705 inventorem

111 2737 193 2815 dici,
218 2735 402 2817 praesertim
420 2757 515 2816 quum
530 2737 593 2800 ium
617 2745 689 2802 ante
707 2759 779 2802 eum
794 2726 933 2820 Ennius,
959 2739 1115 2806 Pacuvius
1132 2741 1247 2823 aliique

112 2837 233 2900 Satires
259 2838 447 2917 scripserint.
492 2836 668 2907 Contendet
692 2840 846 2922 fortasse,
872 2845 1042 2908 novitatem
1059 2847 1161 2926 operis
1182 2866 1247 2908 non

111 2940 292 3030 inscriptis
318 2936 449 3017 Satiris,
479 2941 537 3002 sed
565 2941 598 3003 in
625 2944 843 3007 coniunctione
868 2943 1033 3010 Atellanae
1064 2954 1097 3010 et
1121 2946 1246 3010 Sotirae

113 3038 324 3120 quaerendem
349 3047 429 3102 esse.
471 3041 513 3104 At
539 3043 703 3121 exipsius
729 3048 884 3109 sententia
909 3043 985 3110 olim
998 3049 1073 3124 ⁴jum
1095 3053 1167 3111 cn'm
1182 3053 1247 3110 trn·

112 3141 227 3226 goedia
238 3139 326 3220 ²⁷⁵),
344 3147 377 3203 ct
392 3140 504 3204 deinde
522 3143 593 3211 oum
601 3141 748 3208 Atellano
764 3167 807 3210 ex
822 3153 961 3227 tempore
974 3135 1045 3211 a'e'tli
1062 3151 1247 3212 coniunctae

114 3248 223 3320 erant,
242 3259 342 3320 neque
355 3232 463 3322 'potest
478 3245 642 3310 restitutor
658 3249 805 3327 antiquae
826 3249 873 3312 rei
889 3237 1034 3315 inventor
1050 3252 1126 3316 novi
1142 3253 1247 3332 operis

110 3343 190 3406 dici:
213 3335 302 3406 ilde
319 3341 449 3422 accedit,
468 3345 549 3424 quod
565 3343 810 3427 Novius,'‘'quem
826 3357 930 3416 temen
940 3358 1025 3417 'ante
1041 3349 1248 3432 Pomponium

111 3446 232 3508 vixisse
248 3453 355 3525 putat,
375 3447 470 3509 etiem
486 3445 645 3542 llxodium
661 3453 786 3531 scripsit
797 3453 880 3549 ²¹⁶).
923 3452 974 3519 An
992 3453 1092 3533 dicet,
1110 3451 1248 3519 Novium

115 3552 149 3610 et
165 3544 368 3626 Pomponium
383 3549 501 3626 paros.‘
528 3546 727 3631 Noviumque
753 3553 785 3617 in'
811 3545 982 3619 scribendis
1000 3551 1122 3622 ex'odiis
1144 3557 1248 3620 imita-

111 3653 216 3711 torem
232 3647 394 3728 Pomponii
411 3646 526 3713 fuisset
570 3647 661 3725 Quae
682 3655 710 3715 si
726 3647 945 3739 contenderet,
971 3673 1034 3720 non
1051 3650 1164 3738 video,
1192 3679 1248 3722 cur
1339 3703 1343 3714 -

113 3754 229 3830 neget,
248 3751 329 3829 quod
347 3771 406 3835 ego
423 3748 530 3833 volui,
557 3751 722 3834 utrumque
738 3748 847 3836 pareds
863 3756 981 3837 fuisse,
1007 3755 1145 3824 Notium
1169 3782 1247 3824 vero

30 3934 36 3945 ,
109 3846 319 3928 'Pomponium
338 3859 484 3917 'secutum
511 3874 580 3918 esse
605 3857 639 3919 in
659 3853 829 3921 scribendis
846 3851 1011 3924 ‘Atellt'mis
1054 3859 1122 3926 lam
1138 3865 1166 3926 si
1183 3869 1247 3926 sta·

114 3953 252 4027 tuimus,
278 3951 310 4013 id
336 3954 417 4032 quod
444 3956 538 4020 etiam
555 3954 707 4022 Schoberi
727 3962 884 4024 sententia
901 3982 971 4026 esse
986 3961 1129 4043 videtur,
1155 3961 1247 4026 Pom·

184 4191 246 4251 ιη)
264 4191 594 4258 susannenxemsptn
692 4195 696 4205 '
722 4169 749 4220 '⁸

186 4277 246 4338 276)
263 4277 336 4338 Apud
344 4279 409 4326 Nun.
419 4280 463 4344 8⁹,
480 4283 527 4340 2'l;
546 4286 591 4346 96,
609 4287 656 4344 19;
674 4285 736 4350 11⁶,
754 4283 800 4344 tr;
819 4288 879 4350 24⁵,
897 4289 944 4346 2⁹;
962 4289 1020 4349 bib,
1038 4289 1081 4338 24,

1018 4371 1039 4428 8
