2840 4948
628 231 849 344 m

180 455 405 539 quetemariis,
422 463 489 522 tum
503 453 665 537 iambicis,
687 463 752 522 tum
768 453 936 522 trochaicis
954 455 1160 536 exprimeret,
1185 455 1219 520 in
1236 477 1310 521 cau·

179 560 249 623 ticis
266 579 342 624 vcro
360 558 496 638 creticis,
513 557 700 637 bacchiacis,
717 559 924 637 anapaesticis
940 555 1152 639 similibusque
1168 556 1310 624 versibus

179 668 339 741 uteretur,
357 661 409 741 id,
428 659 509 740 quod
525 660 700 744 fragmenta
717 657 912 723 confi'nnant.
955 659 1047 724 Unde
1062 660 1179 724 iactum
1196 667 1259 739 est,
1275 668 1312 724 ut

180 763 383 828 Grammatici
400 763 562 827 discrimen
580 759 742 826 Ennianos
760 759 884 825 Satirae
899 759 1096 825 aLuciliaua
1111 765 1144 826 in
1159 763 1310 825 varietete

177 874 356 945 poematum
380 866 401 928 i.
420 885 448 928 e.
473 869 643 927 metrorum
668 869 829 943 ponerent.
854 859 1010 926 ‘Lucilius
1036 864 1118 926 enim
1143 861 1224 926 banc
1241 864 1310 927 dra-

177 969 325 1031 snaticarn
350 965 482 1029 tonnam
508 985 577 1028 cunr
603 966 692 1046 epica
717 967 932 1045 commutavit,
966 985 1028 1028 uno
1054 970 1175 1028 tantum
1198 972 1309 1045 metro,

179 1090 278 1153 eoque
303 1067 480 1148 plemmque
505 1065 632 1130 heroico
656 1086 752 1146 usus,
775 1085 884 1147 quem,
910 1073 946 1131 ut
961 1065 1095 1130 Ennium
1111 1063 1263 1130 Pacuvius
1280 1073 1313 1131 et

178 1169 383 1250 Pomponius,
401 1167 500 1232 secuti
517 1178 589 1232 sunt
605 1167 769 1246 Horatius,
787 1165 945 1232 Iuvenalis
963 1176 996 1231 et
1012 1167 1148 1232 Persius.
1191 1165 1311 1232 'l'eren-

178 1274 239 1336 tius
256 1269 360 1335 Varro
378 1273 412 1334 in
429 1269 542 1336 Satiris
558 1271 623 1334 suis
640 1266 813 1351 Menippeis
830 1270 912 1334 hanc
928 1269 1103 1334 Ennianum
1119 1270 1252 1334 fonnem
1266 1273 1313 1336 ita

179 1373 282 1438 denuo
308 1374 461 1453 mutavit,
486 1381 522 1437 nt
546 1372 683 1454 pedestri
708 1373 845 1436 sermoni
867 1373 1005 1435 carmina
1030 1373 1187 1436 variorum
1203 1393 1311 1437 nume·

177 1497 284 1540 rorum
300 1475 507 1554 inanisceret,
528 1475 612 1538 unde
629 1473 684 1538 illu
702 1471 905 1554 Quinctiliani
922 1473 1020 1538 verba
1037 1471 1079 1553 V,
1097 1479 1131 1539 1:
1157 1472 1312 1554 „alterum

79 1575 82 1583 '
178 1575 280 1660 „illud
305 1579 399 1641 etiam
425 1585 458 1640 et
482 1579 566 1658 psius
584 1575 707 1640 Satisne
724 1596 842 1660 genus,
869 1576 951 1656 quod
977 1596 1039 1640 uon
1057 1573 1126 1640 sola
1143 1577 1312 1640 canninam

99 1687 103 1702 '
178 1681 354 1759 „tenetote
378 1680 504 1742 mistum
530 1677 670 1741 condidit
687 1675 856 1741 Terentius
882 1674 1004 1755 Varro,
1029 1679 1079 1742 uir
1103 1675 1313 1743 Romanorum

104 1829 107 1835 -
178 1782 469 1862 „eruditissimus,“
486 1799 549 1842 non
567 1777 635 1843 sola
652 1781 822 1842 carminum
838 1780 1011 1858 varietate,
1028 1779 1084 1842 sed
1105 1781 1200 1843 etiarn
1218 1782 1313 1860 pede·

177 1885 235 1948 stri
251 1901 407 1946 sermone.
450 1877 626 1944 Varronem
652 1882 765 1945 sectati
786 1887 857 1944 sunt
873 1879 1039 1944 Petronius
1061 1879 1190 1945 Arbiter
1203 1884 1239 1945 in
1256 1880 1313 1945 Sa·

176 1987 298 2068 tyrim,
325 1982 446 2058 Seneca
466 1983 499 2045 in
520 1989 622 2046 morte
641 1980 763 2046 Claudii
781 1989 813 2046 et
829 1979 1004 2046 Martianus
1021 1969 1152 2063 Capella
1169 1985 1203 2046 in
1220 1969 1315 2068 Saty·

176 2087 254 2149 rico.
297 2083 492 2147 Soboberum
518 2090 553 2147 ut
576 2082 693 2148 multos
718 2081 798 2146 ulios
817 2081 1020 2149 Grantmstici
1045 2092 1173 2150 erecta
1188 2086 1242 2149 via
1258 2085 1314 2172 de·

178 2187 342 2251 duxerunt.
385 2183 486 2266 Supra
510 2187 544 2247 in
570 2183 633 2247 alia
657 2204 693 2249 re
710 2185 853 2264 ostendi,
881 2205 972 2265 quum
988 2207 1096 2266 pamm
1112 2188 1182 2251 sani
1195 2187 1315 2252 tuerint

179 2288 381 2354 Grammatici
399 2289 432 2352 in
451 2285 654 2350 diiudicandis
670 2305 804 2366 poeseos
822 2285 1002 2371 generibus:
1027 2289 1060 2352 id
1077 2293 1165 2367 patet
1182 2290 1278 2354 ctiam
1294 2312 1314 2353 e

153 2389 341 2480 ‘Diomedis
367 2411 406 2453 eo
431 2387 524 2468 luco,
551 2409 611 2468 quo
629 2387 781 2480 Schobcri
807 2391 963 2452 sententia
988 2390 1027 2453 de
1044 2387 1150 2453 Satira
1174 2392 1314 2455 maxime

177 2494 299 2565 nititur3
318 2493 434 2556 etenim
450 2488 619 2554 Diomedes
638 2491 803 2555 discrimen
819 2493 979 2571 utriusque
996 2493 1119 2576 genesis
1138 2490 1313 2558 Satirarum

54 2661 57 2670 ,
177 2593 226 2658 his
251 2592 356 2657 verbis
382 2591 528 2672 explicat:
559 2590 688 2670 „Satira
713 2599 762 2656 est
787 2613 910 2656 carmen
936 2593 1018 2673 apud
1043 2591 1223 2675 Romanos,
1248 2614 1313 2661 uon

176 2694 324 2777 „quidem
342 2693 423 2775 apud
431 2691 571 2757 Graecos
587 2691 772 2756 maledicum
786 2701 821 2756 ‘et
834 2696 875 2759 ad
893 2691 1222 2774 carpendahomiuum
1235 2699 1313 2762 vitia

176 2792 354 2878 „orclsaeae
372 2793 553 2858 comoediae
571 2792 754 2858 charactere
775 2799 999 2876 compositum,
1015 2795 1106 2878 quale
1123 2799 1314 2878 scripserant

178 2893 342 2979 „Lucilius
361 2902 393 2960 et
408 2895 560 2959 Horatius
577 2902 610 2958 et
625 2895 761 2960 Persius.
797 2895 881 2961 Olim
900 2903 1036 2978 carmen,
1054 2900 1136 2980 quod
1157 2919 1201 2963 ex
1216 2903 1312 2965 mstis

177 2998 394 3081 „poematibus
412 2998 589 3077 constabat,
608 2996 713 3062 Satira
729 2999 915 3079 vocabatur,
937 2998 1028 3080 quale
1046 3003 1235 3082 scripserunt
1251 3001 1313 3065 Pa-

177 3103 308 3183 „cucius
326 3109 360 3166 et
375 3100 529 3165 Ennius.“
550 3097 723 3182 Desumsit,
740 3100 901 3166 ntclnrum
910 3109 973 3182 est,
991 3101 1176 3167 Lucilianae
1189 3103 1313 3168 Satires

177 3203 391 3269 definitionem
407 3223 446 3266 ex
461 3201 596 3266 Horatio
614 3201 680 3267 Sat.
698 3201 729 3283 l,
746 3209 779 3282 4,
798 3209 815 3266 t
836 3230 875 3253 -α-
894 3208 929 3283 6,
948 3210 981 3268 et
996 3203 1104 3268 laven.
1125 3203 1192 3268 Sat.
1210 3202 1238 3286 I,
1257 3209 1312 3282 85;

59 3289 62 3304 ¹
98 3369 103 3380 ,
176 3307 341 3370 Ennianae
358 3326 433 3368 vero
452 3326 470 3368 e
489 3302 612 3378 Quinct
630 3303 677 3383 X,
696 3309 725 3367 t.
753 3304 816 3368 Sed
835 3307 985 3387 quianon
1001 3305 1102 3386 videt,
1121 3314 1313 3389 quantopere

176 3408 248 3487 talis
274 3406 442 3488 explicatio
468 3403 630 3470 claudicet.
677 3405 857 3486 Lucilianae
883 3407 1008 3472 Satirae
1032 3411 1255 3496 proprietatem
1279 3411 1313 3473 in

175 3511 309 3574 materia
333 3510 442 3589 ponit,
466 3507 631 3575 Ennianae
656 3507 690 3582 in
715 3508 826 3575 lonae.
871 3505 953 3586 Quid
970 3530 1046 3577 veru
1064 3510 1210 3591 impedit,
1238 3512 1315 3592 quu-

175 3612 276 3674 minus
303 3610 398 3673 etiam
423 3611 517 3674 variis
542 3608 737 3690 poematibus
762 3610 978 3692 velpedestri
1004 3632 1148 3676 sermone
1168 3613 1312 3676 versibus

175 3711 273 3776 mixto
291 3701 452 3774 hominum
467 3713 545 3790 vitia
563 3711 749 3793 carpanturl
791 3707 907 3783 Melius
922 3713 1070 3794 dixisset:
1097 3713 1202 3778 Satira
1218 3713 1313 3800 Luci-

143 3875 156 3892 ¹,
174 3813 261 3880 linea
276 3834 340 3878 uno
358 3821 522 3894 poemate,
545 3814 689 3880 Enniana
704 3813 844 3896 pluribus
862 3801 1129 3897 constabat,sive
1146 3815 1313 3882 Luciliano

160 3916 281 3980 ¹Sustine
295 3914 456 3980 ,bominum
474 3917 550 3980 vitia
567 3916 733 3998 carpebat,
755 3917 899 3980 Enniana
915 3917 975 3981 hoc
990 3917 1044 3980 vel
1059 3917 1137 3982 illud
1155 3917 1314 3982 describe·

61 4015 64 4024 ’
177 4019 240 4082 hat.
285 4014 460 4080 Careamus
477 4019 592 4102 igituir,
617 4040 657 4081 ne
683 4021 717 4082 in
733 4016 848 4100 talibus
870 4020 965 4083 rebus
985 4018 1203 4111 Grammaticis
1220 4021 1314 4110 ninsis

174 4119 355 4185 tribuamus.
416 4114 563 4184 Ceterum
588 4119 697 4198 abnilis
723 4109 982 4202 metamorphosis
1002 4099 1052 4189 'ut³
1067 4110 1191 4188 satirae
1218 4123 1313 4186 etiam

174 4221 254 4302 apud
273 4219 411 4286 Graecos
429 4222 522 4287 mbuu
540 4220 646 4286 Siculo
664 4224 811 4308 contigit,
823 4245 940 4304 quam,
956 4231 994 4292 ut
1010 4226 1142 4306 sobam,
1160 4221 1312 4304 Epichar-
