2844 4950
654 261 704 334 47

576 353 785 374 .....---d·
858 359 861 367 ¹

94 517 98 524 ·
171 551 178 556 ,
279 482 392 564 valgos,
410 477 602 548 vetcmncsus,
621 471 740 552 genibus
758 471 880 550 maguis,
898 470 963 532 talis
979 469 1099 552 turgidis
1112 475 1192 560 ¹⁴⁰).
1250 545 1254 559 ἡ

111 607 151 670 11
168 598 381 680 Campanis,
400 591 519 664 Gallis
537 587 816 670 Transalpinis,
833 586 940 672 Syris
957 587 1244 674 similibusquemo·

110 729 163 774 res
180 705 291 769 barum
307 699 445 784 gentium
462 691 729 760 describebantur.
1264 689 1277 716 ⁸

197 817 307 888 Nexus
323 797 516 894 fabularum,
541 814 657 878 utiam
673 828 768 892 supra
783 812 902 890 monui,
928 817 995 876 tum
1020 810 1153 894 simplex
1178 823 1246 882 crat

110 934 146 990 et
162 941 270 1006 parum
287 922 362 984 artis
378 914 526 1000 prodidit,
543 905 611 978 tum
627 935 704 978 vero
721 913 820 978 nodus
838 913 917 976 adeo
936 921 1030 978 extra
1047 935 1171 982 omnem
1189 939 1247 982 ex-

110 1027 335 1108 spectationem
353 1027 385 1084 et
401 1020 470 1083 veri
486 1019 621 1098 speciem
637 1015 834 1096 solvebatur,
860 1022 895 1079 ut
911 1018 1035 1080 tricae
1046 1015 1248 1084 Atellanae

111 1131 223 1193 merito
248 1127 281 1188 in
305 1120 503 1204 proverbium
527 1115 660 1183 abirent.
710 1115 799 1181 Nibil
825 1119 907 1181 enim
931 1117 1053 1184 facilius
1080 1123 1247 1202 extricato,

111 1251 205 1312 quam
221 1228 332 1292 b‘armn
352 1221 528 1314 tabularum
553 1221 668 1300 nodus,
694 1220 775 1283 rrnde
793 1217 897 1283 Varro
922 1222 1246 1308 yspocrodedrccsscidps

112 1333 196 1414 apud
213 1327 295 1395 Nou.
313 1349 345 1392 v.
363 1329 474 1391 tricas:
501 1327 614 1403 „putas
632 1343 700 1420 eos,
725 1323 839 1402 inquit,
862 1341 924 1386 non
942 1324 1031 1388 citius
1049 1327 1142 1389 tricas
1160 1325 1249 1391 Atel·
1310 1405 1314 1416 .

112 1424 216 1512 lanas,
244 1451 336 1512 quam
360 1428 393 1492 id
411 1428 655 1492 extricaturos.“
696 1421 870 1488 Dicebatur
887 1427 993 1488 etiam:
1015 1427 1109 1491 tricas
1127 1427 1250 1494 Atella-

14 1539 17 1548 '
112 1557 171 1598 nas
194 1531 428 1613 conduplicare,
454 1535 490 1592 ut
515 1548 557 1590 ex
581 1525 721 1589 Arnobio
739 1526 884 1590 discimus
898 1529 986 1610 141),
1003 1529 1032 1590 si
1049 1531 1115 1608 quis
1132 1530 1184 1594 vel
1201 1534 1250 1597 in·

112 1637 291 1717 aptissimas
317 1632 455 1696 latebras
482 1636 514 1692 et
537 1634 717 1709 praetextus
736 1627 964 1708 qualescunque
986 1629 1136 1712 cumulat,
1162 1643 1198 1697 ut
1215 1655 1250 1698 se

113 1742 163 1802 rei
179 1737 331 1800 molestae
350 1742 381 1798 et
396 1731 582 1796 iniucundae
598 1731 758 1794 subducat.
789 1729 826 1794 Id
842 1731 983 1810 profecto
1006 1739 1124 1796 certum
1143 1741 1200 1814 est,
1218 1738 1252 1800 in

114 1840 245 1904 ludicris
262 1839 329 1902 istis
348 1843 492 1902 auctores
511 1855 634 1897 ornnem
658 1833 785 1908 modum
802 1833 992 1898 excedentes
1009 1835 1253 1900 verisimilitudi-

54 1969 60 1990 1
116 1963 190 2006 nem
214 1939 307 2021 plane
334 1960 446 2019 susque
474 1936 573 2017 deque
599 1933 760 2014 babuisse,
778 1936 904 2014 ineptiis
922 1937 1101 2016 saepissime
1119 1939 1159 2002 ad
1176 1961 1251 2003 nau·

116 2065 205 2108 seam
223 2042 414 2106 eruditorum
431 2041 546 2119 auctis,
566 2059 661 2118 qnare
679 2034 790 2100 Cicero
808 2038 849 2101 ad
865 2037 891 2100 F
893 2059 953 2100 am.
971 2035 1048 2119 Vll,
1068 2046 1097 2118 1,
1116 2037 1253 2107 Marium

116 2152 207 2226 putat
223 2166 288 2207 non
307 2143 409 2206 Oscos
426 2141 517 2205 ludos
536 2140 747 2219 desiderasse,
769 2141 953 2220 praesertim
972 2162 1063 2220 quum
1082 2141 1183 2208 Oscos
1201 2131 1254 2208 vel

117 2249 152 2310 in
178 2252 289 2309 senatu
314 2251 456 2324 spectare
480 2243 594 2322 possit,
621 2247 747 2304 senatus
772 2261 920 2319 perversa
945 2249 978 2306 et
997 2244 1103 2323 inepta
1124 2247 1254 2310 consilia

35 2405 36 2408 ,
118 2349 319 2423 actionesque
333 2352 477 2426 tangens.
511 2361 513 2368 ·

204 2479 403 2563 Fragmenta,
423 2496 515 2556 quum
531 2476 594 2538 sint
610 2473 777 2540 admodum
794 2478 920 2560 exigue,
938 2475 1031 2540 nobis
1047 2482 1124 2544 certi
1140 2431 1256 2563 aliquid

120 2585 161 2647 de
179 2581 288 2658 modo,
316 2599 375 2658 quo
392 2583 505 2658 poetae
522 2574 650 2638 fabulae
666 2575 783 2639 nodum
809 2583 842 2639 et
857 2583 1020 2643 necterent
1036 2587 1069 2644 et
1085 2581 1254 2668 solverent,

120 2685 197 2748 dare
215 2704 279 2746 non
294 2685 439 2761 possunt3
455 2681 561 2759 itaque
578 2676 630 2740 bic
648 2698 769 2758 quoque
787 2678 853 2742 fere
863 2681 1046 2745 coniecturis
1059 2686 1153 2749 modo
1169 2683 1257 2753 locus
1381 2709 1385 2722 ·

121 2793 180 2849 est.
224 2781 292 2846 Iam
312 2781 471 2860 videntur,
489 2783 574 2844 utin
591 2778 741 2844 similibus
760 2781 932 2845 dramatum
950 2785 1129 2868 generibus,
1150 2788 1258 2854 discri-

120 2889 207 2951 mina
225 2906 330 2949 earum
346 2903 563 2964 personarum,
582 2884 943 2964 queeprimariaspartes
961 2886 1107 2970 agebant,
1124 2888 1258 2970 plerum·

123 3009 183 3069 que
202 3010 240 3051 ea
257 3009 341 3066 esse,
367 2992 404 3050 ut
421 2983 621 3048 difficultates
645 2969 699 3048 'vix
716 2986 910 3066 superandae
929 2991 1028 3052 amori
1045 3010 1101 3054 suo
1120 2989 1256 3073 obstent,

123 3111 203 3170 quae
219 3095 327 3156 tamen
343 3087 431 3168 dolo,
449 3087 573 3166 fraude,
600 3083 813 3166 similibusque
830 3087 980 3152 machinis
998 3093 1082 3154 servi
1099 3094 1258 3160 cuiusdam

122 3192 283 3255 dominum
298 3187 437 3253 fallentis
454 3187 615 3268 filiumque
633 3188 808 3252 adiuvantis
830 3191 1004 3255 vincamur.
1056 3189 1195 3267 Quorum
1212 3198 1259 3262 in-

123 3294 208 3356 dicia
232 3289 284 3356 sel
308 3294 342 3355 in
368 3293 538 3376 exiguitate
562 3290 808 3373 fragmentorum
839 3298 1017 3356 nostrorum
1046 3315 1110 3358 non
1136 3297 1257 3363 simunt.

123 3393 274 3476 Exempli
299 3395 401 3479 gratia
431 3393 529 3456 affero
560 3391 725 3472 Pomponii
750 3390 977 3458 Praeconem
1001 3399 1258 3476 posteriorem.

124 3495 262 3561 Videtur
286 3497 320 3560 in
345 3493 404 3559 hac
428 3487 535 3559 fabula
559 3485 659 3560 senerr
683 3515 814 3559 uxorem
836 3493 1098 3562 adolescentulam
1116 3499 1259 3568 ducturus

126 3620 212 3678 esse,
232 3619 323 3679 quam
338 3599 433 3678 ipsius
450 3595 533 3661 filins
551 3596 611 3661 sibi
627 3604 784 3680 exposcat.
827 3594 961 3662 Vctnlus
978 3595 1143 3684 zelotypia
1158 3614 1261 3670 motus

197 3837 259 3906 14⁰)
276 3840 637 3902 acturust.scen.lcsgm.1r
653 3843 733 3902 pto:
751 3840 933 3906 „describitur,
948 3843 1000 3894 nisi
1016 3845 1104 3910 fallor,
1123 3848 1215 3910 uliquis
1228 3865 1262 3905 er

128 3909 185 3957 istis
193 3908 330 3970 militibus,
348 3909 438 3968 quibus
447 3909 542 3958 similes
550 3909 647 3972 nostri,
666 3911 1044 3976 quosvocsntSpsesssrrgsrf‘

198 4007 260 4078 111)
278 4012 371 4058 amon.
382 4012 437 4060 adr.
447 4015 514 4073 gent.
523 4013 547 4059 V
555 4027 580 4074 p.
591 4015 640 4060 161
650 4013 689 4066 ed.
698 4013 834 4063 straena:
851 4016 921 4076 „lam
935 4016 1028 4067 dudum
1037 4031 1077 4066 mc
1087 4020 1170 4067 fateor
1179 4020 1263 4066 baesi-

129 4082 213 4142 ‚,tsre‚
232 4079 439 4141 circumhiscere,
457 4081 633 4144 tergiversari,
651 4080 739 4141 uicus,
751 4083 958 4142 quemadmodum
970 4086 1069 4148 dicitur,
1083 4089 1262 4146 conduplicare

129 4150 280 4210 „Atellanas
298 4147 378 4208 (vulg.
395 4149 529 4211 tellenas),
547 4151 605 4198 dum
615 4150 745 4210 pudorme
762 4150 850 4214 babet,
869 4153 935 4201 alma
946 4152 993 4202 ills
1004 4155 1118 4214 prolerre
1131 4156 1260 4216 mysteria,

130 4216 240 4278 „quibus
248 4217 275 4264 in
283 4215 369 4264 Liberi
385 4216 507 4264 honorem
524 4219 604 4278 patris
612 4219 770 4280 ithyphallos
779 4213 887 4284 subrigit
893 4223 1001 4271 Graecis
1010 4225 1038 4270 et
1047 4221 1191 4271 simulacris
1199 4225 1262 4272 viri-

129 4283 213 4345 „lium
221 4285 378 4335 fascinorum
385 4284 516 4335 territoria
524 4289 618 4336 cuneta
625 4286 788 4337 florescunt.“
