2844 4950
712 239 828 346 22*

169 471 336 554 nouisque,
354 474 390 532 ut
407 473 544 547 constat,
571 468 734 545 refertam,
759 467 900 548 dedisse,
918 468 1032 534 deinde
1048 471 1106 534 snb
1123 473 1186 536 suis
1203 474 1302 536 noni·

169 570 261 636 nibus
276 571 391 636 iterum
407 572 668 656 iocesnugasqne
686 569 858 648 addidisse,
884 570 933 633 vel
955 572 1034 636 adeo
1050 573 1159 638 mediis
1175 571 1302 653 tannis,

168 675 314 754 quopiam
337 673 395 738 snb
411 675 489 740 vero
504 673 628 736 nomine
644 673 747 751 positu
770 673 839 740 sine
860 670 955 736 dubio
973 671 1058 737 Osca
1074 695 1222 754 persona,
1247 696 1302 754 pe-

167 773 299 840 culiares
315 777 437 840 iocosas
454 775 682 838 controversias
697 775 935 854 interposuisse,
953 777 1024 854 quia
1034 795 1198 842 conserere
1206 779 1302 860 signi-

80 927 82 936 .
166 873 258 958 ficet,
276 898 327 941 res
343 878 389 940 ita
406 876 609 958 coniungere,
625 882 663 940 ut
677 877 818 960 integrae
835 875 999 942 maneant
1021 875 1063 942 At
1083 876 1144 941 hee
1160 879 1301 958 profecto

167 980 307 1064 argutui
324 985 380 1042 est.
422 976 570 1061 Urgenda
586 978 720 1044 fontane
743 977 856 1042 ferisset
872 998 937 1042 vox
954 999 1167 1059 conserere,
1199 983 1227 1042 si
1244 979 1302 1042 Li-

166 1083 236 1146 vius
253 1080 293 1143 de
309 1101 346 1144 re
363 1078 503 1144 chemica
519 1063 707 1160 scripsissel:
732 1079 832 1146 saleru
857 1101 956 1160 aquae
973 1101 1137 1146 conserere
1154 1082 1207 1144 vix
1224 1101 1303 1145 cou-

165 1181 243 1245 cedo
261 1181 408 1260 dunat,
435 1181 491 1244 sed
515 1180 645 1246 ridicula
660 1179 814 1246 Atellanis
833 1187 1073 1267 consenescit),
1099 1185 1121 1245 i.
1141 1205 1169 1248 e.
1191 1183 1238 1246 ita
1253 1185 1303 1246 in-

165 1285 311 1362 stituere,
329 1292 365 1348 st
381 1281 512 1348 ridicula
528 1281 595 1362 illa,
613 1291 686 1350 unte
703 1285 771 1350 sine
786 1281 985 1364 filoquodam
1000 1291 1150 1366 perpetuo
1166 1283 1300 1365 prolata,

164 1405 248 1450 nnnc
272 1384 397 1450 rendae
423 1393 605 1469 argumento
632 1393 778 1467 tunquam
794 1386 918 1450 vinculo
940 1395 972 1452 et
987 1389 1069 1452 serie
1086 1387 1219 1467 quadarn
1236 1405 1301 1451 non

162 1490 336 1567 interrupta
351 1487 556 1554 adnectantur
573 1495 606 1554 et
624 1491 861 1570 contineantur,
888 1507 944 1554 eur
960 1490 1020 1552 dici
1029 1511 1092 1555 non
1108 1491 1218 1570 possit,
1235 1511 1300 1553 non

162 1589 266 1652 video.
310 1587 408 1654 Nihili
424 1593 521 1656 etiarn
537 1598 600 1670 est,
618 1591 701 1670 quod
717 1593 757 1656 de
774 1590 938 1671 explendis
954 1589 1074 1658 lacunis
1091 1592 1181 1671 dixit,
1207 1613 1299 1671 quum

162 1713 227 1756 non
243 1694 289 1756 ita
306 1693 471 1773 dispositu
487 1692 584 1754 luisse
599 1711 652 1756 res
669 1699 762 1772 atque
779 1694 862 1758 iuter
877 1715 913 1758 se
931 1691 1109 1758 cohaesisse
1130 1690 1299 1758 verisimile

162 1795 218 1871 sit,
236 1801 352 1858 utnon
369 1792 522 1857 interdurn
539 1790 653 1873 aliquid
672 1792 911 1858 desideraretur.
938 1791 1190 1874 simplicissimae
1207 1801 1300 1858 erant

160 1893 343 1973 Atellanae,
369 1901 406 1960 ut
420 1893 516 1959 ltodie
534 1897 629 1958 etiarn
646 1893 726 1960 tales
742 1893 819 1972 ludi,
846 1912 947 1973 neque
974 1897 1133 1974 quisquan
1155 1893 1195 1958 ab
1214 1897 1298 1960 curui

160 2006 248 2076 parte
274 1995 467 2060 elaboratam
492 1995 629 2060 tabularu
654 1995 864 2062 desiderabat.
906 1993 995 2061 Solet
1021 1998 1147 2068 omnino
1169 1995 1296 2061 tabulae

159 2117 260 2162 nexus
285 2099 320 2162 in
344 2097 394 2161 his
419 2095 603 2176 spectaculis
627 2099 864 2176 interremptos
888 2097 1081 2164 sermonibus
1107 2097 1147 2161 ab
1173 2099 1297 2162 actione

88 2219 97 2230 ·
158 2199 288 2279 alienis,
307 2206 339 2262 et
355 2199 472 2264 iocosis
488 2196 627 2282 gestibus
644 2201 677 2264 et
692 2195 820 2262 ludicris
837 2197 920 2278 aliis,
939 2218 1019 2279 quae
1035 2197 1110 2281 ltali
1126 2197 1224 2262 Lmi
1240 2221 1296 2264 no-

158 2304 293 2381 rninant,
318 2301 375 2366 sed
392 2301 460 2380 qne
476 2299 551 2365 inde
566 2319 703 2380 unquam
719 2301 875 2385 integrum
896 2309 928 2365 et
944 2299 1131 2380 peculiarem
1148 2300 1297 2366 dramatis

158 2406 310 2485 speciem,
330 2402 499 2480 Exodiurn
517 2401 610 2466 leciti
633 2401 697 2468 Sed
713 2402 764 2468 lac
780 2405 893 2482 etiarn,
910 2424 1074 2468 conserere
1092 2423 1161 2466 esse
1177 2405 1224 2466 ita
1240 2403 1297 2468 ad·

158 2509 249 2586 dere,
275 2513 310 2568 ut
325 2507 480 2588 integrum
496 2511 636 2576 rnaneat;
661 2511 728 2568 tun
747 2506 811 2568 suis
829 2504 933 2567 verbis
949 2504 1057 2568 Livius
1075 2503 1210 2568 dixisset
1226 2511 1295 2568 tan-

157 2606 331 2684 tammodo,
348 2605 464 2670 exodia
480 2612 552 2668 acta
569 2625 638 2668 esse
655 2626 676 2666 a
691 2605 852 2668 iuventute
868 2602 1021 2684 Romans,
1038 2601 1201 2670 Atellanas
1218 2622 1295 2670 vero

157 2711 268 2786 sunna,
286 2728 349 2770 non
366 2706 511 2770 dixisset.
554 2705 599 2772 At
615 2707 716 2790 pergit
732 2704 942 2785 nihilominus,
958 2705 1021 2772 hcc
1035 2721 1134 2789 genus
1149 2704 1293 2774 ludorum

157 2811 197 2876 alt
217 2807 310 2874 Oscis
327 2815 488 2888 accepturu
504 2810 526 2870 i.
545 2829 573 2872 e·
590 2805 768 2888 Atellanas,
783 2810 933 2888 ¹tenuisse
956 2810 1147 2874 iuventutem
1173 2823 1231 2876 neo
1251 2809 1298 2872 ab.

157 2912 361 2981 histrionibus
375 2909 474 2993 pollui
491 2928 616 2991 passam
633 2929 714 2975 esse.
757 2906 848 2984 Quae
873 2909 972 2977 verba
987 2909 1159 2990 pertnent,
1185 2919 1221 2976 ut
1236 2910 1293 2976 ali-
1415 2933 1416 3008 ς

157 3017 230 3098 quid
246 3015 466 3098 praecurrerit,
494 3034 554 3093 quo
571 3011 733 3078 Atellanas
758 3014 855 3078 etiarn
879 3035 900 3078 u
915 3014 1076 3076 iuventute
1098 3013 1150 3096 egi
1167 3020 1292 3094 coeptas
1415 3017 1416 3022 ’

155 3142 238 3199 esse,
255 3126 364 3184 auctor
380 3116 553 3186 tradiderit.
574 3115 625 3182 An
643 3115 795 3196 dicaeus,
812 3115 937 3182 Livium
953 3111 1128 3198 significare
1145 3113 1292 3193 voluisse,
1318 3194 1321 3206 Ι

153 3225 284 3288 iuvenes
299 3218 462 3288 Atellanus
479 3220 575 3284 etiarn
592 3219 708 3301 egisse,
736 3219 809 3297 qsria
824 3215 873 3280 his
890 3217 1006 3284 addere
1023 3215 1162 3282 solerent
1179 3217 1292 3282 exodia

155 3322 231 3386 sual
268 3323 374 3404 quidni
400 3310 469 3387 t'urn
483 3320 660 3404 tragoedias
681 3321 778 3386 etlam
795 3317 934 3398 aliasque
950 3317 1088 3398 fabulas,
1117 3317 1225 3398 quibus
1241 3321 1291 3382 iu·
1415 3381 1416 3386 ,

150 3426 277 3490 tendum
293 3446 349 3495 ess
367 3424 486 3490 enodis
502 3422 660 3488 addidisse
677 3443 696 3487 a
712 3440 791 3486 voce
807 3423 999 3501 murnum
1018 3419 1174 3486 concludit
1191 3417 1289 3484 Scho-
1317 3507 1324 3522 .

155 3527 249 3592 beru
265 3549 296 3606 p.
315 3525 360 3602 il
395 3525 480 3609 Ergo
502 3546 565 3592 non
582 3544 762 3606 possumus,
784 3525 857 3603 quin
875 3524 914 3588 de
931 3523 1057 3588 exodiis
1072 3525 1141 3588 istis
1160 3521 1290 3596 exodio·

223 3853 268 3913 sn)
285 3843 432 3900 liidiente
459 3863 609 3912 munnere,
635 3863 688 3901 non
713 3849 841 3911 erodis,
867 3856 898 3900 ut
921 3854 1012 3902 seheb.
1039 3852 1094 3899 solt
1118 3865 1142 3911 p.
1161 3853 1206 3899 2⁰:
1233 3861 1289 3898 er-

155 3921 226 3970 odia
252 3920 379 3968 conseri
406 3923 520 3981 coepta
547 3923 630 3980 sunt;
656 3935 720 3968 nam
745 3920 782 3967 ita
809 3919 878 3968 iubet
903 3925 1036 3968 verborum
1062 3921 1136 3969 ordo:
1163 3933 1227 3979 quae
1253 3932 1288 3964 sc.

154 3990 277 4048 ridicule,
304 3988 432 4048 appellata
462 3992 522 4036 tunt
552 3989 645 4037 exodia
671 3992 698 4036 et
723 3991 854 4047 conserta,
882 4004 917 4036 sc.
948 3989 1035 4036 eadent
1065 3989 1185 4046 ridicula,
1215 3986 1288 4033 Atel·

153 4058 221 4107 lanis
239 4057 340 4105 tabulis.
380 4058 417 4106 ct.
445 4058 474 4108 L.
501 4058 605 4105 Dauber
629 4055 958 4116 Pregr.tlolzmind.182t
978 4073 1001 4118 p.
1021 4058 1065 4103 20:
1092 4058 1228 4120 „iuventus
1254 4079 1288 4090 —

152 4127 353 4174 {ramesmere
370 4123 475 4184 staticus
491 4125 600 4180 ridicula
616 4125 731 4172 senibus
753 4127 877 4184 concepta
899 4124 1017 4172 iactitare
1035 4125 1132 4185 coepit,
1158 4135 1222 4181 qnae
1239 4133 1288 4169 ex-

153 4195 212 4242 odta
237 4197 327 4254 eone·
355 4194 484 4255 tessellata
514 4197 574 4240 snut
604 4196 631 4240 et
656 4202 725 4242 curn
750 4191 874 4240 Atellanis
905 4193 1062 4253 potissimum
1090 4191 1188 4240 labellis
1214 4201 1289 4238 eos·

150 4262 327 4311 lueruntf‘„
