2840 4948
557 205 762 364 Lae--

102 477 188 543 lanus
214 475 416 564 gesticulator
441 477 589 539 mamonis
615 473 763 539 Ηιιιιιιιιιίι
797 473 901 538 viliori
931 477 1028 556 pretio
1053 477 1136 540 visus
1162 483 1221 554 est,

13 597 19 610 ·
102 601 189 660 quam
207 581 372 664 tragoedus
390 585 423 641 et
439 577 617 655 comoedus,
642 584 679 640 ut
694 576 861 640 nusdocet
876 576 992 641 luvam·
1004 576 1070 642 Sat.
1086 573 1149 657 Vl,
1167 579 1221 641 ⁷1:

301 699 427 766 ,Urbicus
445 696 547 758 exodio
567 696 651 756 risum
673 707 767 757 movet
783 697 931 758 Atellanae

239 847 244 858 .
308 791 431 878 gestibus
449 797 608 876 ¹Autonoes:
630 799 705 858 hunc
724 797 815 876 diligit
831 797 915 863 Aelia
931 819 1049 880 pauper,

100 915 142 979 ad
160 937 247 996 quem
263 903 364 977 locum
380 913 545 993 Rupertius
563 919 665 976 notat:
684 935 775 992 quum
790 912 954 978 'Atellanus
971 937 1033 978 uon
1051 916 1225 995 cecinisset,

98 1020 180 1081 sicut
196 1016 423 1100 tragoediarum
449 1022 481 1077 et
499 1015 729 1077 comoediarum
747 1022 884 1095 actores,
911 1017 961 1095 qui
981 1018 1132 1082 matronis
1150 1015 1228 1078 divi·

99 1119 181 1182 tibus
194 1139 306 1200 magno
324 1114 528 1194 solverentur,
546 1137 659 1200 magno
677 1123 778 1178 sumtu
796 1138 871 1196 opus
889 1138 951 1182 reon
968 1118 1064 1180 fuisse
1082 1117 1122 1179 ad
1138 1115 1229 1180 Atel-

98 1217 189 1282 lanos
207 1217 424 1282 rcfibulandos.
456 1215 519 1279 Sed
537 1226 633 1295 errat,
653 1238 744 1296 quum
761 1225 862 1297 putet,
883 1213 1047 1282 Atellanos
1064 1239 1128 1281 non
1150 1219 1228 1280 ceci-

30 1387 34 1396 ,
98 1323 194 1382 nisse.
244 1318 310 1382 lmo
333 1299 510 1382 cecinerunt
537 1319 646 1395 etiam,
671 1325 706 1382 ut
732 1317 876 1380 discimus
903 1316 1024 1382 eSuct.
1043 1317 1119 1382 Ner.
1137 1321 1178 1382 39
1196 1323 1230 1382 et

99 1419 202 1486 Galba
220 1425 274 1499 13,
301 1420 357 1483 sed
376 1419 415 1482 ob
442 1421 592 1482 maiorem
609 1425 708 1483 artem
726 1424 758 1482 et
775 1418 867 1484 altius
889 1421 1037 1497 studium,
1067 1421 1147 1501 quod
1163 1427 1229 1482 tra·

96 1522 212 1607 goedia
237 1529 269 1584 et
295 1521 455 1583 comoedia
473 1521 592 1604 agenda
616 1519 809 1598 requirebat,
838 1540 928 1599 quam
953 1518 1117 1601 Atellana,
1143 1519 1230 1606 vulgi

96 1621 312 1690 tantummodo
330 1619 511 1699 delectatio,
537 1621 679 1705 tragoedi
701 1628 734 1683 et
750 1620 892 1708 comoedi
908 1640 928 1682 ιι
945 1619 1091 1684 divitibus
1111 1627 1230 1684 matro-

97 1727 148 1787 nis
165 1719 364 1803 petebantur,
391 1721 529 1786 Atellani
546 1727 671 1802 contra,
692 1701 838 1802 tanquam
854 1720 933 1786 viles
951 1729 1120 1806 nugatores
1138 1744 1158 1784 a
1174 1744 1231 1785 no-

95 1823 258 1889 bilioribus
276 1827 436 1904 contemti,
463 1823 647 1916 pauperibus
664 1824 802 1902 leminis,
830 1843 908 1905 quae
925 1845 1058 1903 morem,
1087 1825 1139 1903 qni
1163 1829 1231 1888 tum

97 1915 182 2006 erat,
208 1925 392 1990 histrionum
409 1946 547 1989 amorem
565 1924 759 2005 capessendi,
782 1927 868 2006 sequi
886 1946 1005 2006 quoque
1022 1922 1155 2005 vellent,
1183 1901 1230 1987 ia·

96 2026 187 2092 cilius
204 2027 374 2090 venibant.

182 2126 232 2191 De
259 2135 371 2191 ornatu
389 2105 539 2192 Oscamm
563 2151 765 2210 personarum
790 2091 914 2192 veteres
932 2129 1006 2192 nibil
1024 2129 1113 2192 nobis
1131 2105 1231 2192 tradi-

97 2228 221 2292 derunt.
273 2229 300 2291 E
326 2226 495 2310 figurarum
521 2251 538 2291 e
564 2229 730 2292 Ficorouio
761 2250 855 2307 supra
880 2230 1104 2309 descriptarum
1131 2228 1232 2300 altera

98 2337 238 2410 apparet,
254 2323 467 2390 celceamento
486 2351 538 2392 eas
556 2331 628 2391 usas
646 2349 715 2390 esse
733 2351 753 2391 ιι
762 2349 860 2391 socco
879 2336 911 2391 et
924 2327 1074 2392 cothurno
1094 2329 1230 2414 diverso,

98 2427 194 2491 Oscis
211 2429 346 2490 fortasse
364 2430 502 2508 propri03
521 2428 565 2491 alt
552 2437 620 2491 tera
637 2429 759 2518 nudatis
777 2428 906 2510 pedibus
917 2429 1041 2507 incedit,
1059 2431 1105 2492 ita
1121 2436 1158 2514 ut
1164 2452 1230 2514 pro

95 2527 265 2612 planipede
283 2527 392 2591 baberi
408 2525 530 2607 possit?
559 2509 668 2618 Altera
693 2527 802 2594 humili
826 2529 939 2610 penula
956 2531 1082 2616 tegitur3
1104 2509 1230 2610 penula·

87 2611 167 2727 imru
184 2651 273 2692 usum
290 2627 461 2766 confirmat
480 2631 573 2693 etiam
596 2613 686 2692 locus
712 2630 877 2712 Pomponii
894 2621 1031 2697 Pannuc.
1050 2631 1131 2731 apud
1144 2629 1230 2698 Νοιι

95 2729 256 2812 penulap.
276 2735 393 2829 537,3

659 2855 832 2948 paenulam
823 2875 853 2913 ιιι
870 2867 956 2936 caput

349 2952 466 3024 induce,
489 2973 524 3013 ue
542 2965 570 3013 te
589 2967 702 3028 noscat;

96 3067 245 3150 ,ιιιιιιιΙιιιιιΙ
253 3043 411 3149 pallium,
430 3090 533 3149 supra
553 3070 704 3152 gremium
734 3067 910 3142 collectum
927 3069 1060 3136 alteram
1088 3069 1230 3134 involvit.

96 3169 264 3234 Atellanos
290 3177 413 3253 togatos
439 3172 533 3232 etiam
558 3169 725 3250 prodiisse,
757 3169 861 3261 colligi
885 3178 988 3250 potest
1012 3193 1031 3235 e
1056 3171 1230 3280 lnagmentp

96 3271 264 3351 Pomponii
281 3270 396 3333 Patruo
414 3270 496 3349 apud
512 3266 595 3333 Non.
613 3277 759 3350 tutantp.
776 3275 854 3350 476,
873 3277 926 3335 10:

310 3411 365 3450 non
384 3400 459 3462 erat,
482 3388 557 3468 quod
575 3403 677 3468 corpus
694 3392 851 3450 tremulent
857 3391 962 3452 lamule
978 3400 1084 3453 tutaret
1099 3389 1178 3471 toga.

97 3505 150 3570 De
169 3509 269 3588 capite
286 3506 476 3590 stupidorum
494 3505 634 3594 abraso,
651 3491 707 3571 neb
724 3527 789 3571 nou
807 3505 845 3569 de
862 3494 1229 3596 mimortunccntunculo

100 3617 134 3673 et
152 3607 242 3672 olava
259 3611 379 3689 scirpea
394 3610 457 3671 iam
474 3627 570 3688 supra
584 3606 679 3670 locuti
695 3629 812 3670 snmus.

185 3708 251 3772 Iam
269 3732 360 3791 quum
387 3710 520 3798 quaeda
538 3706 693 3778 Atellanis
712 3730 730 3770 e
747 3716 889 3796 veterum
905 3711 1090 3784 testimoniis
1101 3713 1140 3775 'et
1157 3706 1232 3776 reli·

101 3813 182 3892 quiis
200 3814 266 3874 erui
290 3819 420 3890 possunt
436 3809 688 3894 exposuerimus,
715 3799 875 3884 notionem
881 3819 952 3888 ,aut
969 3814 1074 3876 omnia
1094 3811 1233 3878 breviter

101 3910 358 3992 complectamur,
376 3911 465 3974 huius
483 3911 656 3975 dramatum
671 3913 799 3991 speciei
805 3913 850 3974 ita
867 3909 997 3993 definire
1015 3911 1178 3995 volumus,
1195 3922 1232 3978 ut

102 4016 255 4094 dicamus.
281 4011 443 4098 Atellanas
469 4013 565 4092 fuisse
587 4011 708 4076 fabulas
726 4011 856 4078 Latinas
878 4011 1085 4106 eCampania
1100 4015 1231 4109 Romam

100 4117 231 4198 petitas,
248 4116 379 4200 primum
396 4136 440 4201 ex
456 4121 611 4199 tempore
613 4137 643 4178 a
648 4117 809 4208 iuventute
826 4101 1009 4180 Romana
984 4138 1051 4181 srue
1068 4125 1144 4182 nota
1158 4105 1231 4196 post

101 4217 277 4301 tragoedias
302 4217 425 4278 insertis
451 4218 546 4278 variis
572 4219 649 4281 iocis
668 4225 700 4280 et
717 4219 853 4283 dicteriis
871 4211 992 4297 editas,
1007 4219 1120 4282 deinde
1137 4217 1232 4284 Pom·

556 4373 571 4440 'l

1329 813 1337 831 ²
1405 797 1406 862 l

1405 889 1406 900 l
