2840 4948
721 253 769 322 80

181 474 293 556 habet,
319 471 409 540 valde
434 475 528 540 dubio
547 482 628 546 suut.
680 473 817 538 Primum
841 476 924 538 enim
944 481 1047 553 errat,
1074 474 1154 554 quod
1181 473 1303 542 Sullam

181 575 394 660 Satyricorum
411 577 581 640 dramatum
596 576 777 655 scriptorem
792 573 886 653 lacit,
907 573 1063 640 Athenaei
1076 553 1149 639 loco
1167 598 1306 643 commo·

181 685 248 758 tus,
266 681 317 759 qui
333 677 398 757 vl,
414 700 446 758 p.
462 681 521 740 aot
550 675 576 740 C
602 673 770 740 cNicolao
787 677 905 758 prodit,
930 675 969 740 L.
988 674 1106 740 Sullam
1123 673 1306 768 σατυρικὸς

180 781 350 864 κωμῳδίας
366 781 405 866 τῇ
423 781 546 864 πατρίῳ
565 781 658 865 φωνῇ
676 780 894 859 composuisse.
938 776 1079 857 „Omnes
1095 777 1174 857 lere,
1192 781 1304 860 inquit,

178 881 254 963 „hio
287 879 457 965 significari
490 887 599 960 putant
631 878 752 942 fabulas
778 877 952 958 Atellanas,
987 878 1067 944 nlius
1093 878 1156 944 alia
1178 883 1305 946 ratione

179 982 366 1064 „ostendere
382 1001 513 1061 conans,
531 984 583 1062 qni
598 979 762 1045 Atellanae
780 979 942 1062 Satyrione
960 981 1020 1044 dici
1035 982 1200 1060 potuerint.
1219 981 1304 1047 Sim·

178 1083 398 1164 „plicissimum
418 1089 528 1147 tamen
554 1090 602 1147 est
619 1079 777 1164 Satyricas
803 1103 858 1162 pro
884 1081 1034 1146 eiusmodi
1049 1081 1163 1146 fabulis
1180 1082 1303 1165 haberi,

177 1186 233 1265 „iu
250 1184 359 1266 quihus
377 1181 483 1266 Satyri
499 1185 617 1248 fuerint
633 1185 872 1264 repraesentati,
897 1190 933 1246 ut
957 1184 990 1246 in
1015 1182 1205 1248 Graecorum
1230 1185 1306 1250 dra·

178 1293 287 1386 „mate
303 1284 460 1368 Satyrion.
501 1284 612 1366 Neque
628 1283 705 1348 illud
723 1306 779 1348 nos
797 1284 955 1348 offendere
971 1291 1087 1364 potest,
1110 1286 1192 1365 quod
1208 1285 1303 1369 Saty-

177 1389 284 1468 „rioae
300 1385 350 1450 hic
368 1387 547 1451 comoediae
564 1387 714 1450 dicuntur.
764 1383 847 1450 Nam
864 1387 921 1448 etsi
936 1384 1114 1465 plerumque
1130 1388 1303 1470 tragoediis

177 1489 577 1569 „potins-adnumerantur,
596 1494 700 1551 tamen
717 1494 827 1550 natura
844 1507 950 1550 aarum
966 1485 1037 1552 talis
1054 1487 1127 1565 fuit,
1153 1496 1187 1551 nt
1205 1490 1303 1552 etiam

177 1588 379 1670 „conmodiae
397 1590 459 1653 dici
474 1591 665 1672 potuerint.“¹
704 1587 881 1652 Potuissent
906 1590 1029 1667 quidam
1046 1589 1235 1652 comoediam
1251 1590 1303 1652 di-

177 1713 262 1768 cere,
280 1690 334 1753 sed
352 1712 415 1754 non
433 1692 579 1754 dixerunt
595 1710 694 1769 neque
712 1687 843 1767 Graeci,
868 1709 967 1768 noque
983 1688 1134 1769 Romani,
1160 1675 1242 1770 iidoc
1260 1713 1301 1754 eo

175 1794 298 1870 minus,
324 1791 405 1870 quod
422 1790 529 1854 drama
545 1788 721 1872 Satyrioum
740 1789 854 1869 choro,
881 1811 939 1869 quo
966 1801 1034 1854 arat
1060 1793 1233 1855 necessarie
1251 1794 1302 1856 in·

176 1899 344 1971 structum,
362 1913 382 1953 e
399 1891 577 1982 comoediae
593 1893 688 1956 variis
705 1892 887 1976 generibus,
909 1913 987 1971 quaa
1003 1890 1122 1956 Romae
1137 1893 1301 1976 vigebant,

177 1992 352 2058 differebat.
395 1991 570 2074 Simplicius
586 1995 698 2078 igitur,
724 2015 814 2074 quam
831 1993 910 2073 quod
927 1991 1118 2056 Neulrirchio
1139 1992 1302 2074 simplicis-

175 2097 286 2158 simum
302 2092 441 2173 videtur,
459 2100 520 2173 est,
538 2096 566 2158 si
582 2093 701 2158 Sullam
718 2095 892 2158 Satirarum
913 2095 1150 2158 dramaticarum
1167 2097 1300 2174 scripto·

174 2216 241 2259 rem
258 2196 403 2274 facimus,
430 2194 536 2276 quales
551 2197 615 2260 iam
640 2202 713 2260 aute
729 2195 861 2260 Ennium
884 2198 917 2258 iu
934 2215 1028 2258 scona
1043 2193 1184 2260 Romana
1201 2199 1299 2260 exsti-

175 2299 251 2362 tisse
269 2305 301 2361 et
317 2295 368 2361 vel
386 2295 492 2361 Sullae
509 2306 646 2378 tempore
655 2297 868 2378 Pomponium,
885 2295 1098 2361 Atellanarum
1116 2299 1299 2379 scriptorem
1408 2313 1410 2340 ⁴

173 2391 385 2480 composuisse
410 2401 625 2479 scimus²²⁵);
655 2400 735 2480 quod
763 2397 940 2462 comoediae
966 2419 1063 2482 genus
1088 2399 1127 2462 ah
1151 2399 1299 2464 Atellano

174 2509 240 2566 tum
257 2522 365 2581 parum
382 2500 573 2580 discrepasse
589 2502 711 2563 videtum
735 2508 768 2562 et
793 2498 901 2562 melius
927 2501 1127 2585 nugatoribus
1145 2502 1297 2581 (yolum-

174 2602 289 2684 ποιοῖς)
308 2609 340 2665 et
355 2602 472 2680 mimis,
498 2601 626 2680 quihus,
651 2605 686 2662 ut
709 2599 793 2663 idem
809 2598 989 2664 Athenaeus
1013 2603 1121 2680 tradit,
1147 2600 1236 2666 Sulla
1251 2605 1297 2666 ita

163 2704 303 2790 ‘gavisus'
315 2708 377 2780 est,
394 2708 430 2764 nt
447 2721 500 2764 eos
517 2698 645 2780 publicis
663 2701 745 2784 agris
763 2701 938 2783 donaverit,
957 2701 1174 2784 conveniebat,
1203 2725 1295 2783 quam

173 2789 282 2868 drame
299 2801 489 2884 Satyricum,
508 2801 589 2882 apud
606 2799 743 2865 Graecos
760 2801 870 2867 sultem
887 2826 907 2867 a
923 2806 1091 2888 tragoedis,
1107 2806 1153 2868 uti
1169 2807 1293 2884 scimus,

165 2914 286 2994 lactum.
330 2901 425 2967 Certo
442 2901 624 2967 Athenaeus
642 2897 803 2991 σατυρικοὶ
820 2900 971 2990 δράματα
988 2893 1139 2986 dixisset,
1155 2909 1182 2969 si
1199 2909 1293 2991 signi-

172 3003 267 3070 ficare
285 3003 449 3083 voluisset,
474 3003 593 3070 Sullam
611 3005 751 3070 dramata
774 3008 910 3088 satyrica
926 3009 1098 3087 scripsisse,
1119 3007 1201 3088 quod
1217 3027 1292 3070 vero

173 3099 352 3196 σατυρικοὶς
368 3106 538 3189 κωμῳδίας
562 3107 651 3186 dicit,
677 3113 778 3189 patet,
804 3130 874 3172 eum
899 3106 982 3172 uliud
1002 3107 1148 3173 voluisse.
1190 3106 1292 3172 Nimis

164 3205 309 3273 ¹tribuere
334 3208 454 3272 videtur
470 3206 677 3286 Neukirchius
693 3212 764 3274 voci
780 3207 972 3297 ourvpmcic,
999 3193 1090 3291 quam
1111 3211 1139 3274 si
1159 3211 1199 3274 de
1215 3212 1292 3274 sori-

166 3295 232 3392 ¹ptis
249 3309 370 3374 Latinis
388 3310 501 3373 dictam
515 3312 701 3390 invenimus,
728 3311 838 3374 eodem
854 3310 905 3375 vel
922 3313 1030 3376 maiori
1054 3314 1121 3375 iure
1138 3333 1157 3375 a
1175 3312 1289 3390 Satira,

171 3433 260 3492 qoam
279 3434 298 3474 a
315 3410 431 3494 Satyro
451 3407 666 3476 derivahimus.
708 3410 877 3495 Dionysius
891 3412 1049 3478 Halicarn.
1067 3415 1153 3478 iocos
1171 3420 1203 3477 et
1218 3435 1290 3477 cau-

170 3520 220 3576 tus
238 3511 370 3576 militum
387 3512 623 3592 triumphantem
648 3515 755 3578 ducem
776 3517 967 3595 sequentium
982 3522 1145 3601 κέρτομον.
1155 3516 1212 3580 καὶ
1228 3535 1289 3579 σα-

169 3607 303 3700 τυρικὴν
321 3609 452 3678 παιδιάν
469 3622 575 3691 vocat3
601 3637 692 3680 nemo
709 3623 813 3680 tumen
834 3637 902 3680 cum
918 3614 1070 3698 Dionysio
1087 3614 1145 3680 hos
1162 3615 1252 3679 ludos
1269 3637 1288 3678 e

170 3713 308 3778 dramate
324 3714 470 3796 Satyrioo
489 3716 676 3782 Graecorum
696 3718 852 3782 desumtos
870 3740 938 3782 esse
955 3720 1133 3798 contendet,
1151 3718 1206 3781 sed
1222 3738 1287 3781 me-

167 3813 228 3880 lius
254 3815 311 3878 hos
337 3819 422 3879 iocos
444 3839 512 3880 cum
538 3816 649 3883 Satiris
676 3818 879 3899 comparabit,
914 3818 1020 3900 quales
1046 3818 1121 3882 olim
1141 3821 1287 3882 inscene

170 3915 348 3985 edebantur.
391 3917 433 3982 Et
447 3918 517 3998 fao,
542 3919 582 3984 L.
600 3919 719 3986 Sullam
736 3923 802 3984 sive
819 3941 909 4002 quem
926 3919 1020 3984 alium
1037 3921 1176 3986 dramata
1192 3919 1286 4000 Saty·

167 4021 233 4082 rica
258 4021 480 4105 composuisse,
513 4021 586 4086 inde
611 4029 715 4088 tamen
739 4022 874 4088 noudum
898 4023 1049 4103 sequitur,
1084 4045 1123 4086 aa
1144 4021 1237 4088 etiam
1252 4021 1286 4082 in

234 4243 294 4304 ²25)
312 4241 351 4290 ct.
360 4243 390 4290 de
399 4244 427 4293 L.
435 4243 521 4306 Pomp.
532 4261 556 4306 p.
568 4248 599 4292 55
609 4247 634 4293 et
645 4248 684 4295 92.
719 4248 824 4298 casaub.
834 4247 864 4295 de
873 4249 920 4296 rat.
929 4259 997 4310 poet.
1005 4247 1029 4294 11
1044 4261 1068 4309 p.
1077 4247 1134 4295 19⁵.
