2844 4950
661 237 781 310 39Χ

122 467 192 532 illus
210 464 355 544 stabiles,
383 464 439 528 luas
456 461 621 528 mambilas
646 465 713 526 iare
738 463 843 528 dicere
860 463 1038 544 'possumus
1085 463 1140 530 Sic
1165 464 1253 530 verbi

122 591 218 634 causa
233 563 533 646 inPompouiiLare
548 564 624 628 lam.
642 565 723 644 apud
738 564 838 630 Prisc.
853 562 913 645 vl,
931 569 993 632 686
1009 585 1142 648 persona
1159 589 1254 648 quae·
1278 599 1287 608 ·

122 670 196 744 dum
211 667 366 748 Russus,
392 668 425 730 iu
443 665 582 731 eirrederu
598 664 711 730 Macco
734 667 816 746 apud
837 664 920 733 Nou.
939 671 1015 746 115,
1043 673 1083 730 12
1104 667 1253 734 Diome·

122 772 187 835 des
204 777 309 850 partes
326 768 443 834 habuit.
469 765 581 850 Neque
597 770 763 848 intererat,
784 769 953 850 siquando
970 768 1021 832 vel
1038 768 1167 836 stabiles
1182 792 1255 850 pep-

121 893 222 936 souee
245 892 359 936 nomen
383 876 556 950 mutarent,
588 875 624 934 ut
648 870 676 932 si
698 868 860 950 Pappum
885 869 1032 936 Simum.
1048 873 1254 956 nominarent,

121 973 286 1040 dummodo
304 993 408 1038 mores
425 973 521 1036 iidem
536 978 708 1035 manerent.
1238 1035 1240 1042 ,

203 1072 272 1138 lam
295 1094 339 1138 ex
363 1073 413 1136 his
439 1075 579 1152 personis
606 1072 797 1152 dependebat
817 1076 957 1140 maxima
972 1081 1063 1156 parte
1078 1073 1256 1141 tabularum

121 1183 348 1259 argumentum.
392 1171 464 1237 Hoc
490 1171 603 1238 saltem
626 1181 713 1254 patet
738 1196 781 1239 ex
807 1176 965 1256 omuibus,
992 1197 1071 1257 quae
1096 1175 1257 1256 bucusque

120 1277 358 1356 disputavimus,
384 1273 528 1340 homiues
545 1278 678 1340 rusticos
694 1281 749 1340 aut
764 1277 793 1340 si
810 1279 862 1358 qui
878 1277 1141 1344 esseut'eiusdem
1157 1277 1258 1342 hurni-

119 1375 159 1444 lu
176 1378 362 1442 conditionis
378 1378 414 1441 in
429 1375 478 1440 his
494 1376 609 1442 fabulis
626 1378 789 1459 primarias
805 1386 911 1458 portes
929 1381 1040 1464 egisse.
1083 1378 1193 1466 ltaque
1209 1379 1257 1443 la·

121 1476 182 1542 cilo
199 1486 249 1544 est
266 1477 441 1558 explicatu,
468 1478 608 1544 canu-his
624 1481 766 1559 personis
783 1501 892 1544 earum
908 1471 1143 1561 superstitiones
1161 1482 1257 1547 etism

118 1581 153 1642 in
169 1579 294 1644 fabulas
311 1583 473 1664 nrigrasse.
516 1577 669 1646 Solebant
694 1583 791 1660 euim,
817 1589 854 1646 ut
877 1581 945 1646 lere
970 1581 1052 1662 apud
1067 1603 1126 1645 uos
1147 1582 1257 1646 mstici

119 1679 229 1744 inculti
247 1685 280 1742 et
294 1701 398 1744 rerum
414 1687 543 1746 naturae
559 1684 662 1765 ignari
677 1684 797 1767 ingenii
812 1683 863 1746 sui
888 1679 1038 1767 figuremu
1056 1682 1206 1762 quaedam
1225 1690 1258 1746 et

120 1788 262 1846 monstra
283 1783 382 1866 magis
408 1785 525 1862 vereri,
542 1805 636 1863 quam
661 1784 737 1848 deos
762 1787 857 1866 ipsos.
899 1784 1089 1864 Lauretum,
1110 1786 1257 1864 manium,

121 1881 320 1963 aliorumque
334 1882 519 1948 daemonum
535 1885 656 1947 invidia
671 1884 772 1949 multa
788 1886 986 1950 incommoda
1003 1907 1037 1950 se
1053 1887 1173 1968 perpeti
1190 1907 1259 1950 cre·
1314 1885 1320 1896 ’

120 1983 251 2063 debant,
277 2005 440 2067 magorum
457 1982 709 2066 hariolorumque
725 1993 808 2050 artes
827 1995 859 2050 et
874 1985 1025 2050 rniremla
1042 1987 1210 2067 stupebant
1226 1995 1260 2050 et

120 2083 314 2148 horribilium
331 2105 434 2148 rerum
451 2107 471 2148 a
488 2083 604 2150 talibus
630 2095 791 2181 gestamm
813 2089 993 2150 narratione
1011 2086 1257 2158 delectabantur.

120 2184 171 2250 Ita
187 2185 306 2249 factum
332 2193 394 2264 est,
419 2194 454 2250 ut
479 2207 594 2268 magna
613 2185 791 2250 fabulamm
814 2185 914 2250 moles
936 2208 956 2249 a
972 2190 1126 2259 maiorum
1142 2212 1198 2253 ore
1216 2189 1257 2252 ad

120 2288 339 2366 posteritatem
355 2293 610 2369 propagarentur.
652 2283 761 2366 Itaque
779 2286 1020 2370 daemonologja
1037 2291 1206 2369 quaedam,
1223 2295 1259 2354 ut

122 2387 170 2448 ita
187 2385 305 2465 dicam,
322 2388 439 2448 rustica
456 2393 490 2450 ut
506 2385 647 2469 vulgaris
666 2393 780 2449 exorta
796 2393 857 2462 est,
876 2407 955 2466 quae
971 2385 1152 2466 plebeculae
1169 2391 1259 2470 poesi

121 2486 244 2569 largam
260 2487 423 2550 materiam
440 2485 562 2550 obtulit
614 2485 711 2550 Cuius
729 2465 1107 2574 superantionin'vesugie
1122 2491 1155 2556 iu
1171 2490 1259 2556 Atel·

120 2587 202 2650 lauis
220 2585 370 2650 nonnulla
387 2587 513 2651 obviam
529 2585 619 2650 fiunt.
662 2585 743 2651 Sunt
767 2589 907 2669 inprimis
931 2587 1039 2654 larvae
1058 2593 1209 2671 quaedam
1226 2600 1258 2656 et

121 2685 390 2767 terriculamenta,
417 2686 546 2751 Graecis
562 2683 800 2774 μορμολύκεια,
828 2687 937 2768 quibua
958 2698 1064 2771 partes
1080 2692 1208 2758 suerunt
1224 2695 1257 2758 in

121 2787 291 2856 Atellania
333 2789 385 2852 Ad
409 2789 468 2854 has
493 2789 597 2852 refero
619 2785 855 2870 Mendaeum,
881 2789 1098 2874 Pythonem·
1114 2793 1258 2880 Gorgo·

122 2894 246 2970 nium,
272 2885 439 2956 Lamiam
466 2896 499 2954 et
517 2889 692 2954 Maniam.
737 2889 857 2957 Omnes
875 2891 935 2957 hae
952 2915 1105 2974 personae
1122 2899 1257 2978 speeiem

120 2991 315 3078 praebebant
332 3013 424 3070 supra
440 2991 567 3055 modum
583 2989 777 3068 horrificam,
794 3000 840 3074 ut,
858 2996 886 3056 si
902 2995 935 3058 in
952 3017 1078 3061 scenam
1086 2998 1256 3077 prodirent,

121 3092 293 3158 infantibus
318 3094 502 3172 praesertim
518 3095 644 3157 rusticis
670 3100 823 3158 terrorem
843 3095 1021 3175 iniicercut,
1047 3097 1131 3162 uude
1148 3095 1255 3164 Iuveu.

123 3191 191 3256 Sat.
209 3192 273 3273 111,
293 3196 366 3256 174:

544 3296 712 3378 tandemque
729 3298 806 3358 redit
821 3277 868 3360 ad
874 3287 981 3380 pulpita
997 3311 1093 3362 uotum

336 3397 480 3472 exodium,
499 3419 561 3459 cum
578 3387 717 3480 personae
734 3401 866 3480 pallentis
883 3402 988 3462 hiatum

333 3501 366 3561 iu
381 3501 489 3580 merulo
508 3502 605 3560 matris
623 3499 757 3560 formidat
773 3503 894 3562 rusticus
912 3501 1014 3560 inians.

125 3595 223 3663 Valet
238 3597 300 3661 hoc
316 3600 456 3678 inprimis
473 3601 512 3663 de
529 3597 712 3664 Mandueo
730 3603 796 3664 sive
813 3597 1069 3680 manducone,
1097 3605 1201 3680 cuius,
1224 3612 1258 3667 ut

125 3701 172 3762 ait
191 3699 319 3780 Festus,
346 3695 466 3784 effigies
481 3703 515 3764 iu
531 3721 645 3782 pompa
662 3703 857 3781 antiquorum
872 3704 955 3765 iuter
976 3711 1097 3768 ceteras
1114 3703 1259 3768 ridiculae

124 3799 405 3882 formidulosesque
428 3822 579 3881 personas
595 3804 643 3866 ire
660 3801 800 3882 solebat,
825 3805 946 3888 maguis
962 3802 1053 3878 malis
1070 3826 1107 3868 ac
1122 3804 1187 3869 late
1204 3804 1259 3866 de-

123 3889 249 3965 hiscens
262 3905 335 3986 ¹¹⁹)
353 3909 386 3968 et
401 3905 560 3988 ingentem
577 3903 721 3968 dentibus
739 3905 875 3972 sonitum
887 3905 1022 3986 faciens,
1039 3907 1079 3974 de
1097 3904 1258 3988 quoPlau-

123 4007 176 4066 tus
193 4005 239 4066 ait
254 4006 287 4066 in
303 4001 445 4069 Rudente
463 4003 523 4090 (II,
539 4008 574 4111 6Ξ
592 4008 662 4088 51):

122 4195 127 4202 ·
194 4169 598 4256 1'1o)1.ueian.mpto²ppic.12=
616 4172 1260 4245 etimnpnvtenapplpaotememo'mesmir
1365 4233 1377 4256 s

125 4241 235 4298 θεασας.
