2840 4948
511 189 717 284 '103

114 441 251 517 Gmccos
268 440 565 522 reperimus,.arat,
581 437 638 502 sed
653 435 689 502 bt
705 457 799 518 supra
815 437 1103 526 domonstravimus,
1121 435 1246 522 lunago

114 543 390 619 diversissimamm
415 561 522 606 rssrumw
544 561 614 606 cum
640 544 735 619 cantu
760 547 793 606 et
817 540 897 620 aptis
919 538 1054 608 motibus
1072 541 1246 614 coniuncta.

115 641 180 720 Qui
197 643 333 711 Satirum
351 641 503 722 edebant,
521 663 585 708 non
602 648 784 726 mgummto
802 639 944 704 fabrilem
958 662 1081 720 serere,
1102 643 1159 708 sed
1176 664 1248 708 nar·

112 743 316 825 ratiuncudis,
342 744 622 825 descriptionibus,
647 745 762 808 iocosis
785 741 917 826 dialogis
934 741 1165 826 similibusque,
1190 747 1249 810 im·

112 849 223 915 mixtis
241 845 402 932 cantilenis
426 847 467 910 ad
483 846 645 926 tibicinem
661 867 730 913 cum
752 852 839 909 motu
858 847 1040 930 congruenti
1055 853 1247 928 spectatores

113 949 272 1017 delectare
288 948 441 1012 solebant.
493 946 616 1024 Sauras
633 949 697 1015 ium
718 945 758 1012 ab
776 948 896 1030 origine
914 968 972 1012 sua
987 949 1133 1014 irrisione
1149 947 1249 1014 reler-

111 1060 165 1124 tae
182 1054 264 1116 circa
280 1053 357 1116 vitia
373 1049 533 1116 bominum
549 1049 709 1135 tangenda
723 1049 862 1130 inprimis
879 1048 1105 1130 versabantur,
1124 1057 1157 1119 et
1173 1071 1249 1132 quas
1303 1073 1309 1082 ·

112 1153 298 1219 dramaticus
315 1153 439 1231 dicunt,
466 1152 577 1216 codam
601 1153 669 1216 iure
695 1151 864 1224 didacticas
881 1151 986 1217 dicere
1000 1159 1140 1233 possunt.
1184 1149 1249 1216 Ita·

111 1276 173 1336 uua
189 1275 290 1334 caque
306 1252 464 1334 Lucilius,
484 1261 519 1318 ut
536 1252 714 1319 Seboberus
731 1250 897 1336 vu1t²⁶⁴),
915 1237 1031 1336 primns
1054 1253 1192 1320 Satiram
1209 1255 1250 1320 sd

110 1355 268 1441 tangenda
284 1353 446 1420 bominum
462 1357 540 1420 vitia
556 1353 735 1434 transtulit,
753 1375 873 1437 neque,
896 1376 1081 1439 quamquam
1091 1358 1248 1438 concedo,

110 1456 307 1524 Lucilianum
332 1456 470 1524 Sotiram
493 1453 675 1538 plerumnque
699 1455 861 1522 bominum
876 1457 961 1530 ,vitia
979 1459 1140 1542 tetigisse,
1165 1459 1199 1522 id
1215 1461 1248 1522 in

110 1559 256 1627 omnibus
273 1558 449 1632 huiusmodi
466 1559 653 1624 carreinibus
669 1560 793 1622 unicum
810 1559 907 1622 fuisse
924 1567 1156 1644 argumentum,
1175 1581 1249 1626 con-

107 1659 229 1740 tendo,
247 1659 349 1740 quod,
366 1668 401 1725 ut
420 1659 566 1741 exemplo
583 1668 669 1742 utar,
687 1659 772 1726 clarc
789 1667 878 1740 putet
893 1682 937 1727 ex
953 1659 1081 1728 Horatii
1097 1660 1203 1726 Satira
1220 1661 1247 1742 I,
1279 1661 1281 1668 ’

111 1767 145 1840 5,
163 1783 241 1844 quae
257 1759 352 1846 vulgo
368 1761 436 1840 lter
450 1760 658 1826 Brundusium
675 1761 873 1846 inscribitur,
900 1784 1032 1846 quaque,
1053 1769 1088 1827 ut
1106 1784 1124 1826 a
1141 1770 1249 1852 vetere
1325 1789 1329 1806 .

105 1863 290 1930 Scholiasta
307 1864 466 1945 discimus,
481 1863 638 1928 Lucilium
655 1866 795 1930 imitatur
807 1862 892 1952 ²⁶⁵).
936 1864 980 1928 Et
996 1886 1087 1945 quum
1103 1866 1168 1931 iam
1184 1865 1249 1928 En·

107 1968 198 2032 nium
222 1988 241 2030 e
259 1967 431 2033 dramatico
447 1965 554 2042 Satira
579 1967 763 2030 didacticam
788 1965 902 2030 fecisse
923 1967 1093 2031 contendat
1110 1965 1249 2032 Schobc·

108 2088 164 2142 rus
177 2070 276 2147 ²⁶⁶),
292 2067 432 2132 Lucilius
456 2089 522 2134 non
545 2070 662 2148 primus
688 2089 757 2132 esse
781 2069 903 2150 potuit,
930 2069 1033 2150 quiin
1050 2065 1156 2132 Satira
1173 2070 1250 2144 vitia

109 2169 271 2243 bornicum
285 2176 443 2252 1tangeret3
469 2171 686 2249 addicamus,
712 2169 847 2234 Ennium
872 2177 995 2234 tantum
1011 2168 1249 2250 bonsinumuis-

14 2299 20 2310 ·
111 2279 198 2336 tutes
213 2270 379 2350 laudasse,
405 2269 562 2354 Lucilium
580 2271 659 2335 vitia
674 2268 930 2350 reprehendisset
972 2267 1150 2336 Discrimen
1166 2272 1250 2339 Sati-

107 2393 218 2448 samm
233 2391 383 2456 generum
397 2392 464 2436 *nou
478 2373 512 2435 in
528 2372 679 2449 materia,
705 2392 803 2450 quaa,
829 2378 865 2434 ut
881 2370 968 2450 dixi,
986 2369 1079 2435 nullis
1096 2372 1163 2454 serp
1179 2371 1249 2437 fini·
1336 2371 1342 2382 “

110 2472 169 2538 bus
185 2471 306 2552 inclusa
321 2480 401 2551 arnt,
419 2475 476 2552 sed
489 2471 683 2539 solmnmodo
700 2473 733 2536 in
749 2473 852 2538 forma
864 2472 1073 2554 quaerendum
1082 2481 1140 2538 est.
1157 2461 1249 2560 Nego

110 2576 240 2640 omuino
266 2582 339 2640 ante
355 2574 492 2640 Ennium
509 2574 630 2640 Satires
655 2576 788 2656 scriptas
813 2595 904 2660 osse,
930 2577 1070 2643 maxim
1096 2597 1171 2652 verp
1193 2575 1249 2640 Li-

108 2678 196 2749 tium
219 2675 452 2756 Andromcum,
480 2677 636 2747 Graccum
659 2675 838 2759 homiuem,
869 2678 923 2759 qui
947 2671 1096 2747 Romanis
1127 2677 1249 2744 Graeca

109 2779 330 2853 comedendam
346 2787 479 2857 cenabis
496 2781 557 2858 sit,
575 2779 696 2846 Satires
712 2781 933 2862 composuisse.
980 2777 1047 2856 Iam
1064 2779 1200 2847 Ennium
1214 2783 1248 2845 in

109 2879 281 2949 scribendis
297 2879 411 2959 Satiris
426 2884 561 2962 priscam
578 2880 714 2946 Satiram
731 2888 870 2946 secutum
891 2902 981 2962 esse,
1003 2903 1063 2966 pro
1090 2890 1175 2950 certo
1193 2882 1249 2948 ha·
1286 2873 1289 2888 ‘

109 2982 193 3062 beo,
209 2983 313 3047 torma
329 2985 493 3052 tamenad
510 2981 671 3064 exemplar
688 2983 881 3048 Graecorum
902 2983 1078 3068 &ansatum
1093 2987 1247 3064 instituta,

106 3087 157 3150 ita
173 3086 317 3164 qudem,
337 3091 373 3150 ot
389 3083 553 3170 dialogos,
577 3084 831 3162 narratiunculas¹
842 3091 876 3149 at
889 3105 972 3168 quae
989 3093 1080 3165 erant
1097 3084 1248 3151 eiusmodi

103 3185 218 3251 metris
244 3186 468 3264 diuerbicrum:
493 3188 623 3254 senariis
648 3186 811 3265 iambicis,
836 3185 988 3270 versibus.
1002 3188 1199 3271 septenariis.
1216 3193 1249 3274 et

731 3465 734 3470 .
789 3441 826 3473 ..¹
862 3439 886 3469 ’ἶ
989 3457 1003 3472 ,,
1051 3443 1054 3450 ”
1134 3439 1141 3466 i
1164 3447 1165 3450 ¹

171 3479 240 3544 v264)
257 3480 286 3529 L.
297 3482 389 3540 c.p.8:
406 3479 490 3542 „Nem
499 3478 627 3528 Lucilium
645 3480 701 3527 iure
718 3478 877 3530 inuentorem
895 3479 957 3540 dici,
975 3479 1031 3540 quis
1042 3477 1151 3541 dubitet,
1169 3493 1246 3540 quum

100 3543 323 3607 'pomussatsram
333 3548 365 3594 ad
373 3548 500 3607 tangendo
512 3547 643 3595 bominum
656 3545 718 3594 vitia
731 3545 905 3607 transtulerit,
923 3545 1045 3606 illamque
1054 3549 1161 3595 formem
1170 3548 1246 3608 plude

104 3614 202 3665 nstin
214 3618 304 3676 (untes
315 3617 512 3678 enimomnes,
531 3615 793 3678 ntDi'omadesdicit,
807 3616 877 3674 quod
885 3627 920 3664 ax
929 3616 1006 3678 uariis
1016 3616 1174 3678 poematibus
1182 3631 1247 3668 cen-

107 3684 205 3742 atabst,
223 3685 309 3731 Sotira
319 3684 556 3746 vocabatur„quale
565 3684 724 3744 scripserunt
732 3683 859 3731 Pacuvius
868 3685 894 3731 et
901 3684 1013 3744 Ennius)
1023 3683 1048 3732 ei
1056 3684 1161 3748 dederit,
1171 3699 1245 3744 quam

102 3749 230 3800 Horatium
240 3755 267 3800 et
275 3766 363 3800 omnes
372 3752 492 3812 deinceps
501 3752 644 3801 Satirarum
658 3751 796 3812 scriptores
805 3752 888 3800 secuti
896 3749 992 3800 sunt.“'

148 3840 152 3852 '
175 3849 239 3918 265)
256 3851 401 3914 ‚,Lueilium
415 3854 466 3901 ¹buc
484 3853 564 3902 satira
581 3853 725 3902 aemulator
740 3825 876 3914 Homtlns',
893 3841 944 3902 iter
959 3867 1035 3902 suum
1047 3854 1152 3904 alterna
1163 3853 1245 3912 nique

105 3921 284 3970 Brundusium
289 3922 447 3983 describens,
457 3923 525 3982 quod
532 3925 559 3971 at
566 3921 612 3972 ille
620 3923 648 3970 in
655 3921 808 3976 tertiodibse
814 3922 893 3984 lecit,
901 3922 1010 3983 primum
1020 3937 1038 3972 e
1045 3923 1124 3974 Βοωι
1133 3925 1244 3984 Capuam

105 4002 199 4050 usqne,
218 3990 313 4037 etiude
326 3990 589 4040 iretumsiciliense.“

176 4090 238 4151 266)
255 4091 285 4140 L.
294 4104 316 4140 c.
327 4105 350 4152 p.
360 4073 387 4139 8':
406 4094 525 4154 „Novum
534 4094 662 4155 quoddam
670 4093 808 4144 cuminum
819 4107 898 4155 genus
908 4093 1021 4142 condidit
1030 4105 1074 4153 eo,
1092 4091 1245 4150 quodSatu-
1293 4119 1296 4126 -

105 4171 160 4206 ram
170 4171 205 4208 ex
213 4159 354 4207 &erratica
362 4159 513 4218 didacticum
522 4161 598 4223 iecit,
616 4165 643 4210 et
657 4173 691 4212 ex
699 4163 806 4223 tutique
819 4153 914 4211 &inre
927 4161 953 4210 id
962 4174 1041 4210 unum
1049 4157 1143 4218 tenuit,
1161 4157 1190 4205 nt
1199 4167 1245 4205 vu-

109 4227 207 4280 rinruu
217 4227 291 4286 quasi
296 4228 440 4281 murinum
448 4230 554 4292 dormo
563 4231 659 4282 υκαι(
