<?xml version="1.0" encoding="UTF-8"?>
<!DOCTYPE html PUBLIC "-//W3C//DTD XHTML 1.0 Transitional//EN"
    "http://www.w3.org/TR/xhtml1/DTD/xhtml1-transitional.dtd">
<html xmlns="http://www.w3.org/1999/xhtml" xml:lang="en" lang="en">
 <head>
  <title>
</title>
<meta http-equiv="Content-Type" content="text/html;charset=utf-8" />
  <meta name='ocr-system' content='tesseract 3.04.00' />
  <meta name='ocr-capabilities' content='ocr_page ocr_carea ocr_par ocr_line ocrx_word'/>
</head>
<body>
  <div class='ocr_page' id='page_1' title='image "./defabulisatella00munkgoog_0059.png"; bbox 0 0 2844 4950; ppageno 0'>
   <div class='ocr_carea' id='block_1_1' title="bbox 733 248 781 319">
    <p class='ocr_par' dir='ltr' id='par_1_1' title="bbox 733 248 781 319">
     <span class='ocr_line' id='line_1_1' title="bbox 733 248 781 319; baseline 0.021 -1"><span class='ocrx_word' id='word_1_1' title='bbox 733 248 781 319; x_wconf 75' lang='lat' dir='ltr'><strong>tt</strong></span> 
     </span>
    </p>
   </div>
   <div class='ocr_carea' id='block_1_2' title="bbox 188 472 1402 862">
    <p class='ocr_par' dir='ltr' id='par_1_2' title="bbox 188 472 1402 756">
     <span class='ocr_line' id='line_1_2' title="bbox 190 472 1402 558; baseline 0.003 -22"><span class='ocrx_word' id='word_1_2' title='bbox 190 473 548 558; x_wconf 69' lang='lat' dir='ltr'><strong>donoproposit0128),</strong></span> <span class='ocrx_word' id='word_1_3' title='bbox 575 493 683 554; x_wconf 87' lang='lat' dir='ltr'><strong>corpus</strong></span> <span class='ocrx_word' id='word_1_4' title='bbox 710 475 866 536; x_wconf 88' lang='lat' dir='ltr'><strong>cuiusdam</strong></span> <span class='ocrx_word' id='word_1_5' title='bbox 892 494 954 536; x_wconf 92' lang='lat' dir='ltr'><strong>non</strong></span> <span class='ocrx_word' id='word_1_6' title='bbox 980 476 1048 537; x_wconf 87' lang='lat' dir='ltr'><strong>sine</strong></span> <span class='ocrx_word' id='word_1_7' title='bbox 1069 472 1174 538; x_wconf 82' lang='lat' dir='ltr'><strong>multis</strong></span> <span class='ocrx_word' id='word_1_8' title='bbox 1192 497 1317 542; x_wconf 88' lang='lat' dir='ltr'><strong>suorum</strong></span> <span class='ocrx_word' id='word_1_9' title='bbox 1401 493 1402 496; x_wconf 73' lang='grc'>’</span> 
     </span>
     <span class='ocr_line' id='line_1_3' title="bbox 188 573 1317 657; baseline 0.005 -21"><span class='ocrx_word' id='word_1_10' title='bbox 188 574 336 657; x_wconf 80' lang='lat' dir='ltr'><strong>lacrymis</strong></span> <span class='ocrx_word' id='word_1_11' title='bbox 361 578 395 638; x_wconf 93' lang='lat' dir='ltr'><strong>in</strong></span> <span class='ocrx_word' id='word_1_12' title='bbox 418 577 567 640; x_wconf 90' lang='lat' dir='ltr'><strong>mortario</strong></span> <span class='ocrx_word' id='word_1_13' title='bbox 593 583 696 640; x_wconf 88' lang='lat' dir='ltr'><strong>terens</strong></span> <span class='ocrx_word' id='word_1_14' title='bbox 722 573 938 656; x_wconf 63' lang='lat' dir='ltr'><strong>pistillum),</strong></span> <span class='ocrx_word' id='word_1_15' title='bbox 969 576 1082 640; x_wconf 87' lang='lat' dir='ltr'><strong>deinde</strong></span> <span class='ocrx_word' id='word_1_16' title='bbox 1108 577 1209 641; x_wconf 91' lang='lat' dir='ltr'><strong>denuo</strong></span> <span class='ocrx_word' id='word_1_17' title='bbox 1226 582 1317 644; x_wconf 87' lang='lat' dir='ltr'><strong>resti·</strong></span> 
     </span>
     <span class='ocr_line' id='line_1_4' title="bbox 189 677 676 756; baseline -0.002 -16"><span class='ocrx_word' id='word_1_18' title='bbox 189 684 295 756; x_wconf 87' lang='lat' dir='ltr'><strong>tuens,</strong></span> <span class='ocrx_word' id='word_1_19' title='bbox 314 686 349 742; x_wconf 93' lang='lat' dir='ltr'><strong>ut</strong></span> <span class='ocrx_word' id='word_1_20' title='bbox 365 685 547 742; x_wconf 88' lang='lat' dir='ltr'><strong>renovatum</strong></span> <span class='ocrx_word' id='word_1_21' title='bbox 565 677 676 740; x_wconf 86' lang='lat' dir='ltr'><strong>exiret.</strong></span> 
     </span>
    </p>

    <p class='ocr_par' dir='ltr' id='par_1_3' title="bbox 273 765 1317 862">
     <span class='ocr_line' id='line_1_5' title="bbox 273 765 1317 862; baseline 0.004 -20"><span class='ocrx_word' id='word_1_22' title='bbox 273 775 400 842; x_wconf 81' lang='lat' dir='ltr'><strong>Maniae</strong></span> <span class='ocrx_word' id='word_1_23' title='bbox 418 777 553 860; x_wconf 77' lang='lat' dir='ltr'><strong>effigiem</strong></span> <span class='ocrx_word' id='word_1_24' title='bbox 569 778 594 842; x_wconf 84' lang='lat' dir='ltr'>F</span> <span class='ocrx_word' id='word_1_25' title='bbox 594 780 751 842; x_wconf 86' lang='lat' dir='ltr'><strong>ieorouius</strong></span> <span class='ocrx_word' id='word_1_26' title='bbox 777 781 810 842; x_wconf 90' lang='lat' dir='ltr'><strong>in</strong></span> <span class='ocrx_word' id='word_1_27' title='bbox 831 798 954 862; x_wconf 82' lang='lat' dir='ltr'><strong>gemma</strong></span> <span class='ocrx_word' id='word_1_28' title='bbox 971 779 1102 858; x_wconf 85' lang='lat' dir='ltr'><strong>quadam</strong></span> <span class='ocrx_word' id='word_1_29' title='bbox 1119 765 1248 843; x_wconf 85' lang='lat' dir='ltr'><strong>incisam</strong></span> <span class='ocrx_word' id='word_1_30' title='bbox 1265 803 1317 846; x_wconf 90' lang='lat' dir='ltr'><strong>su·</strong></span> 
     </span>
    </p>
   </div>
   <div class='ocr_carea' id='block_1_3' title="bbox 188 877 1403 1162">
    <p class='ocr_par' dir='ltr' id='par_1_4' title="bbox 188 877 1403 1162">
     <span class='ocr_line' id='line_1_6' title="bbox 188 877 1316 961; baseline 0.002 -17"><span class='ocrx_word' id='word_1_31' title='bbox 188 883 341 961; x_wconf 86' lang='lat' dir='ltr'><strong>spicatur,</strong></span> <span class='ocrx_word' id='word_1_32' title='bbox 368 903 459 961; x_wconf 90' lang='lat' dir='ltr'><strong>quam</strong></span> <span class='ocrx_word' id='word_1_33' title='bbox 476 877 557 943; x_wconf 86' lang='lat' dir='ltr'><strong>Tah.</strong></span> <span class='ocrx_word' id='word_1_34' title='bbox 575 877 704 958; x_wconf 86' lang='lat' dir='ltr'>XXVI,</span> <span class='ocrx_word' id='word_1_35' title='bbox 730 885 750 940; x_wconf 79' lang='lat'><strong>2</strong></span> <span class='ocrx_word' id='word_1_36' title='bbox 777 879 906 943; x_wconf 90' lang='lat' dir='ltr'><strong>exhibet</strong></span> <span class='ocrx_word' id='word_1_37' title='bbox 924 886 956 944; x_wconf 89' lang='lat' dir='ltr'><strong>et</strong></span> <span class='ocrx_word' id='word_1_38' title='bbox 972 879 1031 943; x_wconf 87' lang='lat' dir='ltr'><strong>tali</strong></span> <span class='ocrx_word' id='word_1_39' title='bbox 1046 881 1139 943; x_wconf 88' lang='lat' dir='ltr'><strong>modo</strong></span> <span class='ocrx_word' id='word_1_40' title='bbox 1157 881 1316 946; x_wconf 82' lang='lat' dir='ltr'>describit:</span> 
     </span>
     <span class='ocr_line' id='line_1_7' title="bbox 188 980 1403 1080; baseline 0.002 -36"><span class='ocrx_word' id='word_1_41' title='bbox 188 981 359 1061; x_wconf 88' lang='lat' dir='ltr'><strong>„Secunda</strong></span> <span class='ocrx_word' id='word_1_42' title='bbox 375 987 569 1044; x_wconf 75' lang='lat' dir='ltr'>monstrosae</span> <span class='ocrx_word' id='word_1_43' title='bbox 586 1001 710 1061; x_wconf 86' lang='lat' dir='ltr'><strong>prorsus</strong></span> <span class='ocrx_word' id='word_1_44' title='bbox 728 982 847 1045; x_wconf 88' lang='lat' dir='ltr'><strong>formae</strong></span> <span class='ocrx_word' id='word_1_45' title='bbox 869 990 901 1044; x_wconf 89' lang='lat' dir='ltr'><strong>et</strong></span> <span class='ocrx_word' id='word_1_46' title='bbox 919 980 1078 1046; x_wconf 84' lang='lat' dir='ltr'><strong>colossalis</strong></span> <span class='ocrx_word' id='word_1_47' title='bbox 1096 984 1316 1066; x_wconf 81' lang='lat' dir='ltr'>magnitudinis</span> <span class='ocrx_word' id='word_1_48' title='bbox 1402 1069 1403 1080; x_wconf 17' lang='lat'>1</span> 
     </span>
     <span class='ocr_line' id='line_1_8' title="bbox 188 1082 1316 1162; baseline 0.004 -18"><span class='ocrx_word' id='word_1_49' title='bbox 188 1103 255 1162; x_wconf 87' lang='lat' dir='ltr'><strong>„ex</strong></span> <span class='ocrx_word' id='word_1_50' title='bbox 271 1082 333 1144; x_wconf 90' lang='lat' dir='ltr'><strong>illis</strong></span> <span class='ocrx_word' id='word_1_51' title='bbox 352 1101 420 1146; x_wconf 88' lang='lat' dir='ltr'><strong>esse</strong></span> <span class='ocrx_word' id='word_1_52' title='bbox 437 1083 562 1146; x_wconf 85' lang='lat' dir='ltr'><strong>videtur</strong></span> <span class='ocrx_word' id='word_1_53' title='bbox 579 1083 658 1162; x_wconf 92' lang='lat' dir='ltr'><strong>apud</strong></span> <span class='ocrx_word' id='word_1_54' title='bbox 676 1090 813 1162; x_wconf 87' lang='lat' dir='ltr'><strong>veteres,</strong></span> <span class='ocrx_word' id='word_1_55' title='bbox 841 1103 916 1162; x_wconf 88' lang='lat' dir='ltr'><strong>quas</strong></span> <span class='ocrx_word' id='word_1_56' title='bbox 934 1083 973 1146; x_wconf 89' lang='lat' dir='ltr'><strong>ad</strong></span> <span class='ocrx_word' id='word_1_57' title='bbox 990 1090 1120 1162; x_wconf 90' lang='lat' dir='ltr'><strong>metum,</strong></span> <span class='ocrx_word' id='word_1_58' title='bbox 1144 1086 1232 1162; x_wconf 84' lang='lat' dir='ltr'><strong>quasi</strong></span> <span class='ocrx_word' id='word_1_59' title='bbox 1249 1109 1316 1149; x_wconf 92' lang='lat' dir='ltr'><strong>um-</strong></span> 
     </span>
    </p>
   </div>
   <div class='ocr_carea' id='block_1_4' title="bbox 133 1181 1315 1367">
    <p class='ocr_par' dir='ltr' id='par_1_5' title="bbox 133 1181 1315 1367">
     <span class='ocr_line' id='line_1_9' title="bbox 188 1181 1315 1267; baseline 0.001 -20"><span class='ocrx_word' id='word_1_60' title='bbox 188 1183 288 1262; x_wconf 89' lang='lat' dir='ltr'><strong>„hrae</strong></span> <span class='ocrx_word' id='word_1_61' title='bbox 314 1193 419 1246; x_wconf 84' lang='lat' dir='ltr'><strong>essent</strong></span> <span class='ocrx_word' id='word_1_62' title='bbox 445 1192 476 1246; x_wconf 90' lang='lat' dir='ltr'><strong>et</strong></span> <span class='ocrx_word' id='word_1_63' title='bbox 501 1181 731 1264; x_wconf 79' lang='lat' dir='ltr'><strong>phantasmata,</strong></span> <span class='ocrx_word' id='word_1_64' title='bbox 758 1186 961 1267; x_wconf 84' lang='lat' dir='ltr'><strong>ingerendum</strong></span> <span class='ocrx_word' id='word_1_65' title='bbox 979 1184 1128 1248; x_wconf 87' lang='lat' dir='ltr'><strong>adhibere</strong></span> <span class='ocrx_word' id='word_1_66' title='bbox 1146 1207 1213 1248; x_wconf 88' lang='lat' dir='ltr'><strong>mos</strong></span> <span class='ocrx_word' id='word_1_67' title='bbox 1239 1195 1315 1250; x_wconf 87' lang='lat' dir='ltr'><strong>erat.</strong></span> 
     </span>
     <span class='ocr_line' id='line_1_10' title="bbox 133 1267 1024 1367; baseline 0.001 -19"><span class='ocrx_word' id='word_1_68' title='bbox 133 1267 137 1283; x_wconf 78' lang='lat'>.</span> <span class='ocrx_word' id='word_1_69' title='bbox 188 1283 341 1363; x_wconf 84' lang='lat' dir='ltr'><strong>„Plautus</strong></span> <span class='ocrx_word' id='word_1_70' title='bbox 358 1287 391 1348; x_wconf 91' lang='lat' dir='ltr'><strong>in</strong></span> <span class='ocrx_word' id='word_1_71' title='bbox 409 1284 561 1365; x_wconf 85' lang='lat' dir='ltr'><strong>Amphitr.</strong></span> <span class='ocrx_word' id='word_1_72' title='bbox 580 1285 659 1367; x_wconf 61' lang='lat' dir='ltr'><strong>(lv,</strong></span> <span class='ocrx_word' id='word_1_73' title='bbox 672 1292 703 1364; x_wconf 79' lang='grc'><strong>2)</strong></span> <span class='ocrx_word' id='word_1_74' title='bbox 723 1287 755 1348; x_wconf 93' lang='lat' dir='ltr'><strong>id</strong></span> <span class='ocrx_word' id='word_1_75' title='bbox 771 1285 863 1366; x_wconf 91' lang='lat' dir='ltr'><strong>plane</strong></span> <span class='ocrx_word' id='word_1_76' title='bbox 879 1292 1024 1349; x_wconf 88' lang='lat' dir='ltr'><strong>testatur:</strong></span> 
     </span>
    </p>
   </div>
   <div class='ocr_carea' id='block_1_5' title="bbox 396 1408 1038 1483">
    <p class='ocr_par' dir='ltr' id='par_1_6' title="bbox 396 1408 1038 1483">
     <span class='ocr_line' id='line_1_11' title="bbox 396 1408 1038 1483; baseline -0.003 -17"><span class='ocrx_word' id='word_1_77' title='bbox 396 1409 485 1483; x_wconf 89' lang='lat' dir='ltr'><strong>,larva</strong></span> <span class='ocrx_word' id='word_1_78' title='bbox 503 1408 670 1479; x_wconf 86' lang='lat' dir='ltr'><strong>umbratilis,</strong></span> <span class='ocrx_word' id='word_1_79' title='bbox 694 1419 722 1466; x_wconf 87' lang='lat' dir='ltr'><strong>tu</strong></span> <span class='ocrx_word' id='word_1_80' title='bbox 740 1426 782 1466; x_wconf 89' lang='lat' dir='ltr'><strong>me</strong></span> <span class='ocrx_word' id='word_1_81' title='bbox 801 1408 882 1466; x_wconf 84' lang='lat' dir='ltr'><strong>minis</strong></span> <span class='ocrx_word' id='word_1_82' title='bbox 900 1409 1038 1465; x_wconf 85' lang='lat' dir='ltr'><strong>territas.‘</strong></span> 
     </span>
    </p>
   </div>
   <div class='ocr_carea' id='block_1_6' title="bbox 155 1519 1322 3729">
    <p class='ocr_par' dir='ltr' id='par_1_7' title="bbox 155 1519 1322 3324">
     <span class='ocr_line' id='line_1_12' title="bbox 187 1519 1313 1608; baseline 0 -22"><span class='ocrx_word' id='word_1_83' title='bbox 187 1523 264 1602; x_wconf 87' lang='lat' dir='ltr'><strong>„Ex</strong></span> <span class='ocrx_word' id='word_1_84' title='bbox 288 1523 399 1602; x_wconf 86' lang='lat' dir='ltr'><strong>Festo,</strong></span> <span class='ocrx_word' id='word_1_85' title='bbox 423 1523 494 1604; x_wconf 87' lang='lat' dir='ltr'><strong>quid</strong></span> <span class='ocrx_word' id='word_1_86' title='bbox 511 1521 638 1586; x_wconf 83' lang='lat' dir='ltr'><strong>Maniae</strong></span> <span class='ocrx_word' id='word_1_87' title='bbox 665 1532 697 1586; x_wconf 89' lang='lat' dir='ltr'><strong>et</strong></span> <span class='ocrx_word' id='word_1_88' title='bbox 722 1519 845 1585; x_wconf 88' lang='lat' dir='ltr'><strong>Larvae</strong></span> <span class='ocrx_word' id='word_1_89' title='bbox 867 1523 928 1586; x_wconf 89' lang='lat' dir='ltr'><strong>sibi</strong></span> <span class='ocrx_word' id='word_1_90' title='bbox 953 1519 1083 1602; x_wconf 87' lang='lat' dir='ltr'><strong>vellent,</strong></span> <span class='ocrx_word' id='word_1_91' title='bbox 1111 1523 1313 1608; x_wconf 83' lang='lat' dir='ltr'><strong>dignoscitur.</strong></span> 
     </span>
     <span class='ocr_line' id='line_1_13' title="bbox 187 1618 1318 1706; baseline 0.003 -19"><span class='ocrx_word' id='word_1_92' title='bbox 187 1618 274 1704; x_wconf 83' lang='lat' dir='ltr'><strong>„Alii</strong></span> <span class='ocrx_word' id='word_1_93' title='bbox 290 1647 365 1688; x_wconf 90' lang='lat' dir='ltr'><strong>vero</strong></span> <span class='ocrx_word' id='word_1_94' title='bbox 384 1625 552 1689; x_wconf 87' lang='lat' dir='ltr'><strong>secundum</strong></span> <span class='ocrx_word' id='word_1_95' title='bbox 566 1622 772 1686; x_wconf 75' lang='lat' dir='ltr'><strong>Laurentium</strong></span> <span class='ocrx_word' id='word_1_96' title='bbox 787 1626 821 1685; x_wconf 91' lang='lat' dir='ltr'><strong>in</strong></span> <span class='ocrx_word' id='word_1_97' title='bbox 838 1645 895 1686; x_wconf 88' lang='lat' dir='ltr'><strong>sua</strong></span> <span class='ocrx_word' id='word_1_98' title='bbox 911 1623 1111 1705; x_wconf 84' lang='lat' dir='ltr'><strong>Polymathia</strong></span> <span class='ocrx_word' id='word_1_99' title='bbox 1130 1627 1226 1706; x_wconf 87' lang='lat' dir='ltr'><strong>aiunt,</strong></span> <span class='ocrx_word' id='word_1_100' title='bbox 1245 1625 1318 1690; x_wconf 92' lang='lat' dir='ltr'><strong>Ma-</strong></span> 
     </span>
     <span class='ocr_line' id='line_1_14' title="bbox 186 1724 1317 1807; baseline 0.004 -20"><span class='ocrx_word' id='word_1_101' title='bbox 186 1727 294 1804; x_wconf 89' lang='lat' dir='ltr'><strong>„niam</strong></span> <span class='ocrx_word' id='word_1_102' title='bbox 314 1725 443 1790; x_wconf 90' lang='lat' dir='ltr'><strong>Larium</strong></span> <span class='ocrx_word' id='word_1_103' title='bbox 458 1727 553 1789; x_wconf 88' lang='lat' dir='ltr'><strong>fuisse</strong></span> <span class='ocrx_word' id='word_1_104' title='bbox 570 1725 769 1807; x_wconf 80' lang='lat' dir='ltr'>genitricem,</span> <span class='ocrx_word' id='word_1_105' title='bbox 796 1745 926 1804; x_wconf 91' lang='lat' dir='ltr'><strong>quorum</strong></span> <span class='ocrx_word' id='word_1_106' title='bbox 942 1724 1070 1788; x_wconf 85' lang='lat' dir='ltr'><strong>Larium</strong></span> <span class='ocrx_word' id='word_1_107' title='bbox 1094 1729 1251 1805; x_wconf 88' lang='lat' dir='ltr'><strong>proprium</strong></span> <span class='ocrx_word' id='word_1_108' title='bbox 1279 1731 1317 1791; x_wconf 87' lang='lat' dir='ltr'><strong>&#39;ac</strong></span> 
     </span>
     <span class='ocr_line' id='line_1_15' title="bbox 185 1825 1318 1906; baseline 0.004 -18"><span class='ocrx_word' id='word_1_109' title='bbox 185 1826 357 1906; x_wconf 89' lang='lat' dir='ltr'><strong>„populare</strong></span> <span class='ocrx_word' id='word_1_110' title='bbox 376 1834 438 1905; x_wconf 90' lang='lat' dir='ltr'><strong>est,</strong></span> <span class='ocrx_word' id='word_1_111' title='bbox 456 1829 556 1905; x_wconf 89' lang='lat' dir='ltr'><strong>inquit</strong></span> <span class='ocrx_word' id='word_1_112' title='bbox 571 1825 798 1904; x_wconf 88' lang='lat' dir='ltr'><strong>Paocichellus,</strong></span> <span class='ocrx_word' id='word_1_113' title='bbox 816 1827 970 1889; x_wconf 88' lang='lat' dir='ltr'><strong>insaniam</strong></span> <span class='ocrx_word' id='word_1_114' title='bbox 987 1829 1144 1889; x_wconf 90' lang='lat' dir='ltr'><strong>mittere.“</strong></span> <span class='ocrx_word' id='word_1_115' title='bbox 1175 1827 1318 1892; x_wconf 83' lang='lat' dir='ltr'><strong>Alteram</strong></span> 
     </span>
     <span class='ocr_line' id='line_1_16' title="bbox 184 1925 1318 2011; baseline 0.002 -21"><span class='ocrx_word' id='word_1_116' title='bbox 184 1931 365 2011; x_wconf 87' lang='lat' dir='ltr'><strong>imaginem,</strong></span> <span class='ocrx_word' id='word_1_117' title='bbox 383 1926 535 2008; x_wconf 85' lang='lat' dir='ltr'><strong>triplicem</strong></span> <span class='ocrx_word' id='word_1_118' title='bbox 551 1927 663 1990; x_wconf 88' lang='lat' dir='ltr'><strong>faciem</strong></span> <span class='ocrx_word' id='word_1_119' title='bbox 679 1925 807 1991; x_wconf 82' lang='lat' dir='ltr'><strong>Maniae</strong></span> <span class='ocrx_word' id='word_1_120' title='bbox 824 1935 1106 2010; x_wconf 81' lang='lat' dir='ltr'><strong>repraesentantem</strong></span> <span class='ocrx_word' id='word_1_121' title='bbox 1124 1928 1206 1991; x_wconf 85' lang='lat' dir='ltr'><strong>dedit</strong></span> <span class='ocrx_word' id='word_1_122' title='bbox 1223 1927 1318 1992; x_wconf 91' lang='lat' dir='ltr'><strong>Fico-</strong></span> 
     </span>
     <span class='ocr_line' id='line_1_17' title="bbox 155 2025 1318 2108; baseline 0.002 -17"><span class='ocrx_word' id='word_1_123' title='bbox 155 2030 158 2038; x_wconf 81' lang='grc'><strong>’</strong></span> <span class='ocrx_word' id='word_1_124' title='bbox 184 2049 253 2091; x_wconf 91' lang='lat' dir='ltr'><strong>ron.</strong></span> <span class='ocrx_word' id='word_1_125' title='bbox 272 2027 353 2092; x_wconf 87' lang='lat' dir='ltr'><strong>Tah.</strong></span> <span class='ocrx_word' id='word_1_126' title='bbox 371 2027 466 2107; x_wconf 88' lang='lat' dir='ltr'><strong>LIV,</strong></span> <span class='ocrx_word' id='word_1_127' title='bbox 494 2033 527 2107; x_wconf 85' lang='lat'><strong>5,</strong></span> <span class='ocrx_word' id='word_1_128' title='bbox 555 2029 594 2091; x_wconf 90' lang='lat' dir='ltr'><strong>de</strong></span> <span class='ocrx_word' id='word_1_129' title='bbox 612 2049 672 2107; x_wconf 93' lang='lat' dir='ltr'><strong>qua</strong></span> <span class='ocrx_word' id='word_1_130' title='bbox 692 2027 771 2092; x_wconf 90' lang='lat' dir='ltr'><strong>haec</strong></span> <span class='ocrx_word' id='word_1_131' title='bbox 788 2028 898 2092; x_wconf 88' lang='lat' dir='ltr'><strong>hahet:</strong></span> <span class='ocrx_word' id='word_1_132' title='bbox 926 2025 1071 2108; x_wconf 79' lang='lat' dir='ltr'><strong>„Quinta</strong></span> <span class='ocrx_word' id='word_1_133' title='bbox 1087 2029 1184 2093; x_wconf 88' lang='lat' dir='ltr'><strong>tribus</strong></span> <span class='ocrx_word' id='word_1_134' title='bbox 1201 2029 1318 2094; x_wconf 81' lang='lat' dir='ltr'><strong>Laruis</strong></span> 
     </span>
     <span class='ocr_line' id='line_1_18' title="bbox 185 2127 1317 2212; baseline 0.003 -20"><span class='ocrx_word' id='word_1_135' title='bbox 185 2137 346 2208; x_wconf 88' lang='lat' dir='ltr'><strong>„constat‚</strong></span> <span class='ocrx_word' id='word_1_136' title='bbox 378 2129 496 2193; x_wconf 89' lang='lat' dir='ltr'><strong>duabus</strong></span> <span class='ocrx_word' id='word_1_137' title='bbox 526 2127 618 2192; x_wconf 91' lang='lat' dir='ltr'><strong>simul</strong></span> <span class='ocrx_word' id='word_1_138' title='bbox 646 2131 774 2209; x_wconf 88' lang='lat' dir='ltr'><strong>iunctis,</strong></span> <span class='ocrx_word' id='word_1_139' title='bbox 809 2128 908 2193; x_wconf 89' lang='lat' dir='ltr'><strong>altera</strong></span> <span class='ocrx_word' id='word_1_140' title='bbox 933 2151 1010 2193; x_wconf 87' lang='lat' dir='ltr'><strong>vero</strong></span> <span class='ocrx_word' id='word_1_141' title='bbox 1035 2133 1067 2194; x_wconf 92' lang='lat' dir='ltr'><strong>in</strong></span> <span class='ocrx_word' id='word_1_142' title='bbox 1093 2153 1203 2194; x_wconf 91' lang='lat' dir='ltr'><strong>aversa</strong></span> <span class='ocrx_word' id='word_1_143' title='bbox 1228 2139 1317 2212; x_wconf 85' lang='lat' dir='ltr'><strong>parte</strong></span> 
     </span>
     <span class='ocr_line' id='line_1_19' title="bbox 185 2229 1316 2312; baseline 0.003 -19"><span class='ocrx_word' id='word_1_144' title='bbox 185 2230 389 2311; x_wconf 86' lang='lat' dir='ltr'><strong>„earundem</strong></span> <span class='ocrx_word' id='word_1_145' title='bbox 434 2230 551 2295; x_wconf 87' lang='lat' dir='ltr'><strong>Omnes</strong></span> <span class='ocrx_word' id='word_1_146' title='bbox 569 2238 641 2295; x_wconf 86' lang='lat' dir='ltr'><strong>sunt</strong></span> <span class='ocrx_word' id='word_1_147' title='bbox 656 2229 834 2311; x_wconf 75' lang='lat' dir='ltr'><strong>terrificae,¹</strong></span> <span class='ocrx_word' id='word_1_148' title='bbox 850 2232 889 2294; x_wconf 79' lang='lat' dir='ltr'><strong>rle</strong></span> <span class='ocrx_word' id='word_1_149' title='bbox 908 2231 1015 2311; x_wconf 88' lang='lat' dir='ltr'><strong>quihus</strong></span> <span class='ocrx_word' id='word_1_150' title='bbox 1032 2231 1169 2311; x_wconf 84' lang='lat' dir='ltr'><strong>loquitur</strong></span> <span class='ocrx_word' id='word_1_151' title='bbox 1184 2231 1316 2312; x_wconf 87' lang='lat' dir='ltr'><strong>Plinius,</strong></span> 
     </span>
     <span class='ocr_line' id='line_1_20' title="bbox 185 2331 1316 2424; baseline 0.001 -29"><span class='ocrx_word' id='word_1_152' title='bbox 185 2335 261 2413; x_wconf 86' lang='lat' dir='ltr'><strong>„qui</strong></span> <span class='ocrx_word' id='word_1_153' title='bbox 270 2354 323 2396; x_wconf 89' lang='lat' dir='ltr'><strong>cas</strong></span> <span class='ocrx_word' id='word_1_154' title='bbox 333 2331 455 2397; x_wconf 86' lang='lat' dir='ltr'><strong>Manias</strong></span> <span class='ocrx_word' id='word_1_155' title='bbox 464 2333 612 2415; x_wconf 89' lang='lat' dir='ltr'><strong>appellat,</strong></span> <span class='ocrx_word' id='word_1_156' title='bbox 632 2357 709 2415; x_wconf 92' lang='lat' dir='ltr'><strong>quae</strong></span> <span class='ocrx_word' id='word_1_157' title='bbox 727 2333 893 2398; x_wconf 88' lang='lat' dir='ltr'><strong>secundum</strong></span> <span class='ocrx_word' id='word_1_158' title='bbox 906 2333 1032 2424; x_wconf 67' lang='lat' dir='ltr'><strong>Festum</strong></span> <span class='ocrx_word' id='word_1_159' title='bbox 1049 2341 1121 2396; x_wconf 89' lang='lat' dir='ltr'><strong>suut</strong></span> <span class='ocrx_word' id='word_1_160' title='bbox 1138 2341 1242 2412; x_wconf 84' lang='lat' dir='ltr'><strong>turpes</strong></span> <span class='ocrx_word' id='word_1_161' title='bbox 1260 2335 1316 2396; x_wconf 83' lang='lat' dir='ltr'><strong>‹le-</strong></span> 
     </span>
     <span class='ocr_line' id='line_1_21' title="bbox 185 2433 1316 2516; baseline 0 -19"><span class='ocrx_word' id='word_1_162' title='bbox 185 2434 384 2515; x_wconf 83' lang='lat' dir='ltr'><strong>„formesque</strong></span> <span class='ocrx_word' id='word_1_163' title='bbox 401 2457 572 2516; x_wconf 87' lang='lat' dir='ltr'><strong>personae,</strong></span> <span class='ocrx_word' id='word_1_164' title='bbox 598 2436 650 2499; x_wconf 88' lang='lat' dir='ltr'><strong>vel</strong></span> <span class='ocrx_word' id='word_1_165' title='bbox 667 2436 796 2514; x_wconf 89' lang='lat' dir='ltr'><strong>saltem,</strong></span> <span class='ocrx_word' id='word_1_166' title='bbox 824 2436 862 2498; x_wconf 89' lang='lat' dir='ltr'><strong>de</strong></span> <span class='ocrx_word' id='word_1_167' title='bbox 881 2435 989 2514; x_wconf 88' lang='lat' dir='ltr'><strong>quihus</strong></span> <span class='ocrx_word' id='word_1_168' title='bbox 1006 2433 1162 2498; x_wconf 82' lang='lat' dir='ltr'><strong>Luciacus</strong></span> <span class='ocrx_word' id='word_1_169' title='bbox 1181 2437 1239 2497; x_wconf 89' lang='lat' dir='ltr'><strong>ait:</strong></span> <span class='ocrx_word' id='word_1_170' title='bbox 1265 2457 1316 2498; x_wconf 91' lang='lat' dir='ltr'><strong>or-</strong></span> 
     </span>
     <span class='ocr_line' id='line_1_22' title="bbox 185 2523 1315 2615; baseline -0.001 -15"><span class='ocrx_word' id='word_1_171' title='bbox 185 2523 298 2615; x_wconf 83' lang='lat' dir='ltr'><strong>„hatus</strong></span> <span class='ocrx_word' id='word_1_172' title='bbox 317 2536 500 2599; x_wconf 86' lang='lat' dir='ltr'><strong>histrionum</strong></span> <span class='ocrx_word' id='word_1_173' title='bbox 517 2544 605 2614; x_wconf 88' lang='lat' dir='ltr'><strong>turpe</strong></span> <span class='ocrx_word' id='word_1_174' title='bbox 624 2544 657 2597; x_wconf 89' lang='lat' dir='ltr'><strong>et</strong></span> <span class='ocrx_word' id='word_1_175' title='bbox 673 2539 798 2610; x_wconf 85' lang='lat' dir='ltr'><strong>minime</strong></span> <span class='ocrx_word' id='word_1_176' title='bbox 806 2535 971 2596; x_wconf 88' lang='lat' dir='ltr'><strong>iucundum</strong></span> <span class='ocrx_word' id='word_1_177' title='bbox 982 2533 1201 2611; x_wconf 74' lang='lat' dir='ltr'><strong>spectaculum:</strong></span> <span class='ocrx_word' id='word_1_178' title='bbox 1221 2534 1315 2599; x_wconf 89' lang='lat' dir='ltr'><strong>horno</strong></span> 
     </span>
     <span class='ocr_line' id='line_1_23' title="bbox 184 2631 1315 2718; baseline 0.003 -20"><span class='ocrx_word' id='word_1_179' title='bbox 184 2637 402 2718; x_wconf 79' lang='lat' dir='ltr'><strong>„longitudine</strong></span> <span class='ocrx_word' id='word_1_180' title='bbox 420 2636 553 2698; x_wconf 89' lang='lat' dir='ltr'><strong>deformi</strong></span> <span class='ocrx_word' id='word_1_181' title='bbox 570 2642 661 2713; x_wconf 87' lang='lat' dir='ltr'><strong>atque</strong></span> <span class='ocrx_word' id='word_1_182' title='bbox 678 2635 883 2713; x_wconf 87' lang='lat' dir='ltr'><strong>incomposita</strong></span> <span class='ocrx_word' id='word_1_183' title='bbox 899 2633 1014 2709; x_wconf 84' lang='lat' dir='ltr'><strong>malos,</strong></span> <span class='ocrx_word' id='word_1_184' title='bbox 1033 2631 1104 2696; x_wconf 88' lang='lat' dir='ltr'><strong>altis</strong></span> <span class='ocrx_word' id='word_1_185' title='bbox 1122 2632 1315 2700; x_wconf 88' lang='lat' dir='ltr'><strong>calceamen-</strong></span> 
     </span>
     <span class='ocr_line' id='line_1_24' title="bbox 184 2731 1322 2822; baseline 0 -20"><span class='ocrx_word' id='word_1_186' title='bbox 184 2739 247 2816; x_wconf 81' lang='lat' dir='ltr'><strong>„tis</strong></span> <span class='ocrx_word' id='word_1_187' title='bbox 265 2738 457 2822; x_wconf 81' lang='lat' dir='ltr'><strong>ingrediens,</strong></span> <span class='ocrx_word' id='word_1_188' title='bbox 480 2744 572 2814; x_wconf 89' lang='lat' dir='ltr'><strong>caput</strong></span> <span class='ocrx_word' id='word_1_189' title='bbox 587 2732 676 2796; x_wconf 91' lang='lat' dir='ltr'><strong>larva</strong></span> <span class='ocrx_word' id='word_1_190' title='bbox 691 2735 805 2798; x_wconf 92' lang='lat' dir='ltr'><strong>minaci</strong></span> <span class='ocrx_word' id='word_1_191' title='bbox 822 2733 989 2796; x_wconf 83' lang='lat' dir='ltr'><strong>obductum</strong></span> <span class='ocrx_word' id='word_1_192' title='bbox 1007 2731 1140 2814; x_wconf 74' lang='lat' dir='ltr'><strong>habena,</strong></span> <span class='ocrx_word' id='word_1_193' title='bbox 1163 2746 1229 2801; x_wconf 91' lang='lat' dir='ltr'><strong>tam</strong></span> <span class='ocrx_word' id='word_1_194' title='bbox 1245 2761 1322 2818; x_wconf 35' lang='lat' dir='ltr'><strong>per-v</strong></span> 
     </span>
     <span class='ocr_line' id='line_1_25' title="bbox 184 2835 1313 2918; baseline 0.003 -18"><span class='ocrx_word' id='word_1_195' title='bbox 184 2836 310 2918; x_wconf 90' lang='lat' dir='ltr'><strong>„amplo</strong></span> <span class='ocrx_word' id='word_1_196' title='bbox 333 2859 387 2902; x_wconf 89' lang='lat' dir='ltr'><strong>ore</strong></span> <span class='ocrx_word' id='word_1_197' title='bbox 413 2836 533 2914; x_wconf 89' lang='lat' dir='ltr'><strong>hiante,</strong></span> <span class='ocrx_word' id='word_1_198' title='bbox 560 2837 647 2915; x_wconf 90' lang='lat' dir='ltr'><strong>quasi</strong></span> <span class='ocrx_word' id='word_1_199' title='bbox 672 2841 869 2914; x_wconf 86' lang='lat' dir='ltr'><strong>spectatores·</strong></span> <span class='ocrx_word' id='word_1_200' title='bbox 888 2835 1104 2899; x_wconf 86' lang='lat' dir='ltr'><strong>devoraturus.</strong></span> <span class='ocrx_word' id='word_1_201' title='bbox 1151 2836 1221 2902; x_wconf 91' lang='lat' dir='ltr'><strong>Hae</strong></span> <span class='ocrx_word' id='word_1_202' title='bbox 1246 2848 1313 2904; x_wconf 85' lang='lat' dir='ltr'><strong>tres</strong></span> 
     </span>
     <span class='ocr_line' id='line_1_26' title="bbox 183 2935 1314 3021; baseline 0.001 -18"><span class='ocrx_word' id='word_1_203' title='bbox 183 2939 331 3021; x_wconf 80' lang='lat' dir='ltr'><strong>„Laruae</strong></span> <span class='ocrx_word' id='word_1_204' title='bbox 348 2939 379 3001; x_wconf 89' lang='lat' dir='ltr'><strong>in</strong></span> <span class='ocrx_word' id='word_1_205' title='bbox 396 2959 510 3020; x_wconf 86' lang='lat' dir='ltr'><strong>magno</strong></span> <span class='ocrx_word' id='word_1_206' title='bbox 527 2937 726 3013; x_wconf 86' lang='lat' dir='ltr'><strong>numismate,</strong></span> <span class='ocrx_word' id='word_1_207' title='bbox 744 2943 779 2998; x_wconf 91' lang='lat' dir='ltr'><strong>ut</strong></span> <span class='ocrx_word' id='word_1_208' title='bbox 796 2935 913 3014; x_wconf 87' lang='lat' dir='ltr'><strong>dicunt,</strong></span> <span class='ocrx_word' id='word_1_209' title='bbox 932 2939 1126 3001; x_wconf 86' lang='lat' dir='ltr'><strong>conturniato</strong></span> <span class='ocrx_word' id='word_1_210' title='bbox 1144 2960 1314 3018; x_wconf 81' lang='lat' dir='ltr'><strong>expressae</strong></span> 
     </span>
     <span class='ocr_line' id='line_1_27' title="bbox 184 3038 1314 3123; baseline 0 -17"><span class='ocrx_word' id='word_1_211' title='bbox 184 3049 291 3123; x_wconf 71' lang='lat' dir='ltr'><strong>„sunt</strong></span> <span class='ocrx_word' id='word_1_212' title='bbox 313 3077 350 3087; x_wconf 89' lang='lat'>—</span> <span class='ocrx_word' id='word_1_213' title='bbox 378 3039 466 3102; x_wconf 90' lang='lat' dir='ltr'><strong>Haec</strong></span> <span class='ocrx_word' id='word_1_214' title='bbox 492 3041 677 3102; x_wconf 88' lang='lat' dir='ltr'><strong>numismata</strong></span> <span class='ocrx_word' id='word_1_215' title='bbox 701 3038 845 3101; x_wconf 86' lang='lat' dir='ltr'><strong>restituta</strong></span> <span class='ocrx_word' id='word_1_216' title='bbox 869 3038 966 3100; x_wconf 86' lang='lat' dir='ltr'><strong>fuisse</strong></span> <span class='ocrx_word' id='word_1_217' title='bbox 992 3039 1098 3102; x_wconf 86' lang='lat' dir='ltr'><strong>ferunt</strong></span> <span class='ocrx_word' id='word_1_218' title='bbox 1122 3041 1261 3104; x_wconf 79' lang='lat' dir='ltr'><strong>infestis</strong></span> <span class='ocrx_word' id='word_1_219' title='bbox 1279 3049 1314 3106; x_wconf 87' lang='lat' dir='ltr'><strong>et</strong></span> 
     </span>
     <span class='ocr_line' id='line_1_28' title="bbox 184 3139 1314 3224; baseline -0.002 -17"><span class='ocrx_word' id='word_1_220' title='bbox 184 3143 304 3224; x_wconf 88' lang='lat' dir='ltr'><strong>„ludis,</strong></span> <span class='ocrx_word' id='word_1_221' title='bbox 331 3163 427 3222; x_wconf 90' lang='lat' dir='ltr'><strong>quare</strong></span> <span class='ocrx_word' id='word_1_222' title='bbox 445 3161 507 3203; x_wconf 92' lang='lat' dir='ltr'><strong>non</strong></span> <span class='ocrx_word' id='word_1_223' title='bbox 523 3142 649 3218; x_wconf 91' lang='lat' dir='ltr'><strong>mirum,</strong></span> <span class='ocrx_word' id='word_1_224' title='bbox 675 3141 703 3201; x_wconf 86' lang='lat' dir='ltr'><strong>si</strong></span> <span class='ocrx_word' id='word_1_225' title='bbox 728 3141 761 3201; x_wconf 91' lang='lat' dir='ltr'><strong>in</strong></span> <span class='ocrx_word' id='word_1_226' title='bbox 786 3139 847 3201; x_wconf 91' lang='lat' dir='ltr'><strong>hoc</strong></span> <span class='ocrx_word' id='word_1_227' title='bbox 863 3147 972 3202; x_wconf 86' lang='lat' dir='ltr'><strong>nostro</strong></span> <span class='ocrx_word' id='word_1_228' title='bbox 989 3139 1114 3204; x_wconf 85' lang='lat' dir='ltr'><strong>Larvae</strong></span> <span class='ocrx_word' id='word_1_229' title='bbox 1131 3162 1314 3220; x_wconf 86' lang='lat' dir='ltr'><strong>repraesen-</strong></span> 
     </span>
     <span class='ocr_line' id='line_1_29' title="bbox 185 3243 950 3324; baseline -0.004 -15"><span class='ocrx_word' id='word_1_230' title='bbox 185 3251 347 3324; x_wconf 84' lang='lat' dir='ltr'><strong>„tantur.“</strong></span> <span class='ocrx_word' id='word_1_231' title='bbox 947 3243 950 3251; x_wconf 75' lang='grc'><em>’</em></span> 
     </span>
    </p>

    <p class='ocr_par' dir='ltr' id='par_1_8' title="bbox 182 3343 1314 3729">
     <span class='ocr_line' id='line_1_30' title="bbox 236 3343 1314 3427; baseline -0.001 -18"><span class='ocrx_word' id='word_1_232' title='bbox 236 3375 243 3390; x_wconf 90' lang='lat'><strong>·</strong></span> <span class='ocrx_word' id='word_1_233' title='bbox 266 3343 480 3409; x_wconf 87' lang='lat' dir='ltr'><strong>Atellanarum</strong></span> <span class='ocrx_word' id='word_1_234' title='bbox 509 3345 700 3423; x_wconf 87' lang='lat' dir='ltr'><strong>praestantia</strong></span> <span class='ocrx_word' id='word_1_235' title='bbox 728 3363 792 3405; x_wconf 93' lang='lat' dir='ltr'><strong>non</strong></span> <span class='ocrx_word' id='word_1_236' title='bbox 819 3349 882 3406; x_wconf 91' lang='lat' dir='ltr'><strong>tam</strong></span> <span class='ocrx_word' id='word_1_237' title='bbox 910 3345 943 3404; x_wconf 91' lang='lat' dir='ltr'><strong>in</strong></span> <span class='ocrx_word' id='word_1_238' title='bbox 969 3343 1131 3407; x_wconf 85' lang='lat' dir='ltr'><strong>denudatis</strong></span> <span class='ocrx_word' id='word_1_239' title='bbox 1157 3347 1314 3427; x_wconf 81' lang='lat' dir='ltr'><strong>sagaciter</strong></span> 
     </span>
     <span class='ocr_line' id='line_1_31' title="bbox 183 3441 1311 3524; baseline 0 -16"><span class='ocrx_word' id='word_1_240' title='bbox 183 3445 308 3509; x_wconf 84' lang='lat' dir='ltr'><strong>fabulae</strong></span> <span class='ocrx_word' id='word_1_241' title='bbox 326 3445 479 3524; x_wconf 88' lang='lat' dir='ltr'><strong>nexibus,</strong></span> <span class='ocrx_word' id='word_1_242' title='bbox 497 3453 532 3508; x_wconf 89' lang='lat' dir='ltr'><strong>ut</strong></span> <span class='ocrx_word' id='word_1_243' title='bbox 547 3441 763 3523; x_wconf 88' lang='lat' dir='ltr'><strong>palliatarum,</strong></span> <span class='ocrx_word' id='word_1_244' title='bbox 791 3464 882 3523; x_wconf 90' lang='lat' dir='ltr'><strong>quam</strong></span> <span class='ocrx_word' id='word_1_245' title='bbox 899 3445 932 3504; x_wconf 91' lang='lat' dir='ltr'><strong>in</strong></span> <span class='ocrx_word' id='word_1_246' title='bbox 949 3464 1069 3508; x_wconf 86' lang='lat' dir='ltr'><strong>morum</strong></span> <span class='ocrx_word' id='word_1_247' title='bbox 1087 3445 1311 3508; x_wconf 85' lang='lat' dir='ltr'><strong>diversissima-</strong></span> 
     </span>
     <span class='ocr_line' id='line_1_32' title="bbox 183 3545 1310 3626; baseline -0.001 -16"><span class='ocrx_word' id='word_1_248' title='bbox 183 3569 251 3610; x_wconf 91' lang='lat' dir='ltr'><strong>rum</strong></span> <span class='ocrx_word' id='word_1_249' title='bbox 267 3568 468 3626; x_wconf 90' lang='lat' dir='ltr'><strong>personarum</strong></span> <span class='ocrx_word' id='word_1_250' title='bbox 486 3552 631 3608; x_wconf 87' lang='lat' dir='ltr'><strong>accurata</strong></span> <span class='ocrx_word' id='word_1_251' title='bbox 648 3545 821 3607; x_wconf 89' lang='lat' dir='ltr'><strong>imitatione</strong></span> <span class='ocrx_word' id='word_1_252' title='bbox 837 3546 939 3624; x_wconf 90' lang='lat' dir='ltr'><strong>posita</strong></span> <span class='ocrx_word' id='word_1_253' title='bbox 956 3565 1025 3616; x_wconf 90' lang='lat' dir='ltr'><strong>esse</strong></span> <span class='ocrx_word' id='word_1_254' title='bbox 1042 3545 1213 3609; x_wconf 85' lang='lat' dir='ltr'><strong>videbatur.</strong></span> <span class='ocrx_word' id='word_1_255' title='bbox 1231 3546 1310 3609; x_wconf 88' lang='lat' dir='ltr'><strong>Per-</strong></span> 
     </span>
     <span class='ocr_line' id='line_1_33' title="bbox 182 3645 1311 3729; baseline -0.002 -17"><span class='ocrx_word' id='word_1_256' title='bbox 182 3649 325 3712; x_wconf 82' lang='lat' dir='ltr'><strong>tinebant</strong></span> <span class='ocrx_word' id='word_1_257' title='bbox 353 3651 437 3711; x_wconf 89' lang='lat' dir='ltr'><strong>enirn</strong></span> <span class='ocrx_word' id='word_1_258' title='bbox 461 3649 597 3710; x_wconf 84' lang='lat' dir='ltr'><strong>maxima</strong></span> <span class='ocrx_word' id='word_1_259' title='bbox 620 3653 708 3725; x_wconf 89' lang='lat' dir='ltr'><strong>parte</strong></span> <span class='ocrx_word' id='word_1_260' title='bbox 735 3645 776 3708; x_wconf 88' lang='lat' dir='ltr'><strong>ad</strong></span> <span class='ocrx_word' id='word_1_261' title='bbox 799 3645 832 3707; x_wconf 92' lang='lat' dir='ltr'><strong>id</strong></span> <span class='ocrx_word' id='word_1_262' title='bbox 853 3667 948 3729; x_wconf 86' lang='lat' dir='ltr'><strong>genus</strong></span> <span class='ocrx_word' id='word_1_263' title='bbox 967 3647 1208 3727; x_wconf 84' lang='lat' dir='ltr'><strong>comoediarum,</strong></span> <span class='ocrx_word' id='word_1_264' title='bbox 1227 3649 1311 3728; x_wconf 80' lang='lat' dir='ltr'><strong>quod</strong></span> 
     </span>
    </p>
   </div>
   <div class='ocr_carea' id='block_1_7' title="bbox 251 3903 1089 4050">
    <p class='ocr_par' dir='ltr' id='par_1_9' title="bbox 251 3903 1089 4050">
     <span class='ocr_line' id='line_1_34' title="bbox 251 3903 958 3965; baseline 0 -15"><span class='ocrx_word' id='word_1_265' title='bbox 251 3906 309 3965; x_wconf 76' lang='lat'>128)</span> <span class='ocrx_word' id='word_1_266' title='bbox 327 3907 391 3953; x_wconf 79' lang='lat' dir='ltr'><strong>Nor.</strong></span> <span class='ocrx_word' id='word_1_267' title='bbox 400 3905 468 3952; x_wconf 88' lang='lat' dir='ltr'><strong>Man.</strong></span> <span class='ocrx_word' id='word_1_268' title='bbox 476 3904 542 3952; x_wconf 80' lang='lat' dir='ltr'><strong>Med.</strong></span> <span class='ocrx_word' id='word_1_269' title='bbox 551 3903 618 3963; x_wconf 84' lang='lat' dir='ltr'><strong>apud</strong></span> <span class='ocrx_word' id='word_1_270' title='bbox 630 3905 904 3963; x_wconf 79' lang='lat' dir='ltr'><strong>Nompraeaentc154,</strong></span> <span class='ocrx_word' id='word_1_271' title='bbox 915 3906 958 3950; x_wconf 78' lang='lat'><strong>21:</strong></span> 
     </span>
     <span class='ocr_line' id='line_1_35' title="bbox 349 3987 1089 4050; baseline -0.001 -14"><span class='ocrx_word' id='word_1_272' title='bbox 349 3991 374 4036; x_wconf 92' lang='lat' dir='ltr'><strong>te</strong></span> <span class='ocrx_word' id='word_1_273' title='bbox 384 3989 500 4037; x_wconf 78' lang='lat' dir='ltr'><strong>volumus</strong></span> <span class='ocrx_word' id='word_1_274' title='bbox 510 3989 575 4035; x_wconf 84' lang='lat' dir='ltr'><strong>dono</strong></span> <span class='ocrx_word' id='word_1_275' title='bbox 584 3988 677 4036; x_wconf 81' lang='lat' dir='ltr'><strong>donare</strong></span> <span class='ocrx_word' id='word_1_276' title='bbox 686 3988 787 4050; x_wconf 86' lang='lat' dir='ltr'><strong>pulcro,</strong></span> <span class='ocrx_word' id='word_1_277' title='bbox 806 3989 939 4048; x_wconf 84' lang='lat' dir='ltr'><strong>praesente</strong></span> <span class='ocrx_word' id='word_1_278' title='bbox 953 3987 1074 4036; x_wconf 83' lang='lat' dir='ltr'><strong>omuibus.</strong></span> <span class='ocrx_word' id='word_1_279' title='bbox 1086 3999 1089 4009; x_wconf 80' lang='lat'>¹</span> 
     </span>
    </p>
   </div>
   <div class='ocr_carea' id='block_1_8' title="bbox 250 4088 954 4154">
    <p class='ocr_par' dir='ltr' id='par_1_10' title="bbox 250 4088 954 4154">
     <span class='ocr_line' id='line_1_36' title="bbox 250 4088 954 4154; baseline 0 -17"><span class='ocrx_word' id='word_1_280' title='bbox 250 4088 310 4154; x_wconf 81' lang='lat'>129)</span> <span class='ocrx_word' id='word_1_281' title='bbox 328 4092 392 4140; x_wconf 82' lang='lat' dir='ltr'><strong>Nor.</strong></span> <span class='ocrx_word' id='word_1_282' title='bbox 400 4092 469 4138; x_wconf 84' lang='lat' dir='ltr'><strong>Man.</strong></span> <span class='ocrx_word' id='word_1_283' title='bbox 477 4092 542 4140; x_wconf 75' lang='lat' dir='ltr'><strong>used.</strong></span> <span class='ocrx_word' id='word_1_284' title='bbox 550 4091 618 4150; x_wconf 80' lang='lat' dir='ltr'><strong>apud</strong></span> <span class='ocrx_word' id='word_1_285' title='bbox 626 4092 692 4140; x_wconf 86' lang='lat' dir='ltr'><strong>Nun.</strong></span> <span class='ocrx_word' id='word_1_286' title='bbox 702 4090 815 4152; x_wconf 78' lang='lat' dir='ltr'><strong>pistillos</strong></span> <span class='ocrx_word' id='word_1_287' title='bbox 826 4105 850 4150; x_wconf 92' lang='lat' dir='ltr'><strong>p.</strong></span> <span class='ocrx_word' id='word_1_288' title='bbox 859 4091 917 4150; x_wconf 83' lang='lat'><strong>221,</strong></span> <span class='ocrx_word' id='word_1_289' title='bbox 927 4093 954 4137; x_wconf 91' lang='lat'><strong>1:</strong></span> 
     </span>
    </p>
   </div>
   <div class='ocr_carea' id='block_1_9' title="bbox 390 4174 1001 4302">
    <p class='ocr_par' dir='ltr' id='par_1_11' title="bbox 390 4174 1001 4302">
     <span class='ocr_line' id='line_1_37' title="bbox 765 4174 1001 4234; baseline 0.004 -14"><span class='ocrx_word' id='word_1_290' title='bbox 765 4174 893 4234; x_wconf 80' lang='lat' dir='ltr'><strong>lacrymae</strong></span> <span class='ocrx_word' id='word_1_291' title='bbox 902 4175 1001 4234; x_wconf 82' lang='lat' dir='ltr'><strong>cadent,</strong></span> 
     </span>
     <span class='ocr_line' id='line_1_38' title="bbox 390 4243 588 4302; baseline 0 -12"><span class='ocrx_word' id='word_1_292' title='bbox 390 4243 462 4291; x_wconf 87' lang='lat' dir='ltr'><strong>cadet</strong></span> <span class='ocrx_word' id='word_1_293' title='bbox 472 4243 588 4302; x_wconf 79' lang='lat' dir='ltr'><strong>pistillur.</strong></span> 
     </span>
    </p>
   </div>
   <div class='ocr_carea' id='block_1_10' title="bbox 0 0 1426 4950">
    <p class='ocr_par' dir='ltr' id='par_1_12' title="bbox 0 0 1426 4950">
     <span class='ocr_line' id='line_1_39' title="bbox 0 0 1426 4950; baseline 0 2"><span class='ocrx_word' id='word_1_294' title='bbox 0 0 1426 4950; x_wconf 95' lang='lat' dir='ltr'><strong> </strong></span> 
     </span>
    </p>
   </div>
  </div>
 </body>
</html>
