2840 4948
747 299 795 371 66

679 403 685 408 ι
705 403 709 408 ι
717 403 872 410 -—0—-—.-—--

209 523 354 604 asapia
378 517 553 607 fragmenta
578 526 672 587 etim
697 525 859 604 praebeat:
893 523 1001 607 Pomp
1027 526 1112 589 Asin.
1138 525 1219 606 apud
1250 523 1335 590 Nou.

210 623 383 690 auscultare
400 646 430 705 p.
448 629 525 704 246,
544 630 596 690 15:

376 757 459 826 atque
478 747 635 805 auscultare
654 745 748 819 disce,
768 749 793 806 si
810 745 903 806 nescis
920 745 1013 828 loqni;

210 862 253 926 id.
271 862 394 948 Ergast.
413 854 492 942 apud
509 857 591 924 Non.
608 869 751 925 rarenter
767 885 797 942 p.
815 867 891 942 164,
909 865 963 926 2⁷:

377 984 461 1062 longe
479 982 514 1040 alr
531 982 601 1041 urbe
618 983 751 1054 villicari,
771 1003 825 1062 quo
843 983 928 1043 herus
944 996 1074 1050 rarenter
1091 987 1177 1056 venit,

378 1104 433 1142 non
452 1094 495 1142 est
512 1083 646 1156 villicari,
664 1083 716 1142 sed
734 1083 870 1143 dominari
888 1105 950 1144 mea
967 1086 1119 1157 sententia,

211 1201 243 1265 itl
259 1191 368 1264 Maial.
388 1199 467 1280 apud
485 1197 569 1263 Non.
587 1207 680 1283 neget
694 1220 724 1281 p.
744 1204 818 1274 183,
837 1203 870 1262 3:

378 1321 485 1381 animos
501 1319 598 1380 Venus
614 1330 702 1399 reget
717 1317 921 1399 voluptatibn53

211 1438 254 1503 id.
270 1436 376 1502 Praei·
392 1458 469 1502 mor.
487 1436 568 1516 apud
585 1433 669 1500 Non.
685 1435 882 1520 germanibus
897 1459 929 1516 p.
949 1441 1025 1516 118,
1043 1444 1095 1500 14:

795 1557 819 1618 si
837 1558 900 1636 quis
917 1568 961 1616 est

380 1660 471 1719 amico
488 1661 607 1731 amicus,
626 1657 744 1736 gaudet,
762 1660 787 1718 si
806 1659 851 1718 cui
869 1657 1019 1737 quidboni

380 1762 492 1832 evenit,
512 1760 591 1818 cuins
610 1760 716 1820 anricus
733 1770 779 1818 est
794 1760 986 1837 germanitus,

214 1879 256 1942 id.
275 1876 371 1941 Satin.
388 1875 469 1955 apud
486 1874 580 1938 Prisc.
598 1873 647 1940 vl
663 1898 694 1957 p.
712 1878 787 1940 679:

381 1997 502 2056 cuiusvis
519 1997 623 2076 leporis
640 1995 729 2056 Liber
746 1995 898 2058 madenam
917 1995 1009 2068 leiim

214 2113 257 2176 id.
275 2113 355 2192 apud
371 2110 483 2175 Senec.
501 2111 597 2191 Epist.
616 2109 695 2175 VIII
711 2109 781 2176 fin:

381 2230 491 2313 qnidam
508 2231 581 2292 adeo
598 2233 627 2291 in
645 2219 767 2294 latebras
784 2233 932 2312 reingere,
951 2244 982 2293 nt
998 2245 1097 2314 putent
1113 2237 1145 2298 in
1161 2236 1274 2297 turbido

382 2355 461 2408 esso,
479 2333 612 2416 quidquid
630 2336 658 2394 ir
677 2336 741 2395 lnce
760 2346 831 2408 est3,

215 2451 334 2519 Novius
350 2452 481 2518 Decnm.
500 2451 581 2533 apnd
597 2449 682 2515 Non.
701 2452 871 2532 impertibis
887 2473 916 2532 p.
935 2454 987 2532 3⁷,
1005 2457 1059 2514 22:

382 2576 406 2633 si
423 2574 528 2651 ignotis
545 2571 717 2656 impertjbis,
735 2571 815 2629 llelsis
832 2573 957 2643 facilins,
986 2645 989 2652 .

215 2691 257 2753 id.
274 2690 375 2755 Exnd.
393 2687 475 2768 apud
490 2683 573 2750 Non.
589 2692 731 2749 rarenter
745 2655 776 2766 p.
795 2691 867 2766 515,
885 2688 939 2754 24:

313 2811 329 2844 ²
382 2807 494 2868 multum
511 2825 601 2878 aures,
620 2806 730 2886 paulurn
748 2805 799 2868 dos
817 2808 933 2880 crebro,
955 2811 1051 2870 venias
1067 2821 1212 2885 rarenter,

215 2927 256 2990 id.
275 2924 379 2991 Maec.
396 2924 477 3007 apud
493 2920 576 2987 Nou.
595 2943 703 2987 caseus
719 2944 749 3003 p.
767 2927 844 3004 200,
868 2928 903 2987 9:

630 3045 759 3125 pecnnia,

383 3147 467 3230 qnid?
483 3149 585 3210 henum
594 3146 683 3209 lorove
694 3159 751 3222 est,
770 3147 918 3229 respondi,
936 3146 1060 3208 oSardis
1073 3151 1191 3210 veniens
1209 3169 1335 3225 carenum

215 3271 258 3335 id.
276 3267 366 3334 Parc.
384 3265 467 3347 apud
484 3259 565 3328 Gall.
583 3261 693 3342 XVII,
711 3269 745 3327 22

384 3385 458 3468 qnod
475 3385 647 3464 magnopore
665 3384 859 3464 quaesierunt,
877 3381 907 3443 iul
923 3384 1039 3445 frunisci
1056 3403 1112 3446 non
1130 3399 1250 3466 qnonnt3

384 3491 431 3570 qni
448 3508 504 3547 nor
521 3487 611 3565 parsit
628 3485 701 3565 apud
717 3502 763 3559 se,
781 3485 932 3545 lmnitn'str

301 3623 420 3688 loconis
445 3619 549 3684 verbis
575 3616 766 3684 accedebant
788 3620 886 3696 iocosi
910 3627 1012 3684 motus
1038 3625 1071 3683 et
1093 3627 1198 3701 turpes
1222 3628 1339 3706 gestus,

217 3727 326 3809 quibas
343 3745 417 3806 prae
435 3724 545 3787 ceteris
562 3719 776 3786 Atellanarum
793 3728 913 3786 actores
930 3719 1116 3787 excelluisse
1134 3723 1260 3797 scimus3
1282 3725 1339 3786 ita·

218 3849 276 3910 que
294 3823 506 3893 Tertullianus
523 3821 739 3889 Atellanarum
756 3821 1007 3907 gesticulatorem
1024 3845 1093 3888 cnm
1102 3822 1201 3888 Mimo
1219 3832 1252 3888 et
1259 3823 1340 3890 Pan·

218 3930 345 3996 tomirno
363 3948 512 3992 summam
528 3927 660 4012 gratiam
676 3927 823 4009 spurcitia
840 3928 1024 3992 concinnare
1041 3927 1116 3992 dicit
1127 3931 1207 4004 ¹⁹⁴).
1234 3921 1341 3989 Risrnn

219 4030 444 4112 extorquebant
467 4029 661 4110 potissirnnm
685 4048 740 4108 eo,
767 4013 849 4110 quoii
873 4029 906 4093 in
926 4026 1015 4096 vultu
1031 4028 1259 4112 componendo,
1286 4048 1341 4091 ore

219 4193 428 4212 W

288 4307 350 4372 191)
368 4304 530 4368 nespecaa.
539 4307 565 4352 'c
575 4306 615 4352 11.
