2844 4950
638 256 768 366 ‘aa

394 335 402 370 1

114 493 121 502 ·
174 469 394 563 Fragmentum
410 481 550 558 unione,
577 479 658 558 quod
680 479 877 559 cl'omponii
892 475 1039 578 Pythone
1055 479 1215 564 Gorgonio
1242 503 1307 546 sar-

176 583 262 648 uerit
277 581 368 647 nobis
385 579 469 648 Non.
486 580 693 662 peruenibaut
709 598 738 662 p.
759 585 830 660 508,
849 585 886 647 5:
1400 583 1401 588 ’

384 702 664 774 hominembonum,
685 715 739 781 quc
763 703 828 761 ittae
846 701 1032 781 perscribunt
1052 701 1174 772 divitiae,

175 825 295 898 spectat
310 817 444 883 fortasse
462 816 502 880 ad
519 819 770 899 superstitionem
787 824 907 896 notam,
926 835 985 897 qua
1002 815 1081 880 tales
1098 816 1220 880 Laruas
1237 817 1307 882 the-

176 939 286 984 sauros
302 921 447 1004 ingentes
464 918 521 983 sub
538 927 622 983 terra
641 917 839 983 absconditos
861 919 1016 982 custodire
1034 902 1178 998 credunt,
1197 920 1306 999 quibos

175 1029 212 1084 ut
228 1013 400 1102 potiantu'r,
427 1027 509 1084 artes
533 1021 679 1100 quasdam
701 1028 734 1084 et
751 1023 887 1083 camnine
902 1022 1023 1104 magica
1044 1019 1236 1086 hariolorum
1254 1023 1308 1084 ad·

159 1121 286 1184 inibant
302 1119 453 1186 homines.
496 1119 618 1202 Verba,
637 1143 717 1202 quae
734 1121 940 1205 fragmentum
957 1121 1064 1200 affert,
1082 1127 1165 1201 sunt,
1182 1129 1218 1186 nt
1235 1145 1307 1186 con-

176 1222 265 1302 iicio,
292 1221 363 1286 talis
389 1222 523 1288 hominis
549 1225 702 1310 magicam
728 1229 826 1288 artem
850 1219 1043 1303 profitentis,
1071 1225 1123 1302 qui
1150 1223 1308 1287 credulam

176 1323 335 1387 hominem
361 1325 402 1388 ad
426 1323 606 1388 thesaurum
632 1323 800 1388 eruendum
825 1345 1017 1387 commovere
1036 1325 1155 1404 studet,
1181 1325 1309 1389 beatum

175 1426 359 1506 praedicans
388 1425 483 1491 istum
511 1426 688 1506 hominem,
721 1427 770 1490 cui
798 1423 908 1489 talium
934 1446 1025 1506 opum
1053 1427 1207 1504 possessio
1235 1449 1309 1491 con-

177 1527 289 1613 tingat.

175 1732 178 1740 ·
261 1696 312 1764 De
329 1697 459 1764 Lamia
475 1718 539 1762 uon
555 1698 655 1762 minuas
672 1699 752 1760 mira
769 1696 938 1760 narrabant
953 1702 1087 1760 veteres.
1117 1695 1195 1760 Erat
1202 1696 1311 1762 Larua

180 1800 330 1879 quaedam
348 1822 445 1880 aeque
462 1797 610 1864 terribilis
628 1821 664 1862 ao
681 1795 876 1877 Mmducus,
892 1804 1077 1875 monstrum,
1093 1803 1128 1860 ut
1144 1800 1190 1860 ait
1201 1797 1311 1863 Schol.

179 1908 243 1964 vet.
260 1902 301 1964 ad
316 1900 428 1966 Horat.
445 1901 543 1981 Epist.
560 1899 605 1979 11,
623 1904 656 1980 3,
682 1905 755 1980 3405
780 1902 920 1980 superius
946 1899 1063 1964 habeus
1089 1899 1222 1977 speciem
1238 1919 1311 1962 mu-

178 1999 276 2080 lieris,
302 2002 422 2068 Mune
447 2024 523 2066 uero
549 2004 582 2066 iu
606 2002 701 2082 peries
724 2004 859 2066 asininos
877 2002 1032 2066 desinens.
1074 1998 1196 2064 Nomen
1212 1998 1313 2066 habet

178 2124 201 2166 a
216 2099 308 2184 λύμῳ
325 2106 346 2167 i.
357 2125 384 2166 e.
401 2102 554 2187 ingluvie,
573 2105 648 2184 quia
664 2104 846 2168 devoratrix
861 2124 1025 2184 puerorum
1035 2102 1311 2184 credebatur124).

180 2185 274 2266 inter¹
284 2202 360 2283 alia,
378 2225 458 2285 quae
473 2204 605 2268 Lamiae
622 2201 848 2284 adscrssrebant,
865 2205 1024 2283 facinora,
1044 2207 1138 2268 etiam
1154 2202 1214 2266 hoc
1232 2211 1313 2283 erat,

42 2325 45 2332 ·
142 2339 144 2344 ·
178 2305 264 2384 quod
279 2327 391 2386 pueros
408 2306 570 2372 dicebatur
586 2308 748 2386 devorare,
767 2309 820 2388 qui
835 2313 940 2370 tarum
956 2308 1020 2370 vivi
1037 2306 1149 2370 deinde
1166 2304 1237 2368 alvo
1255 2325 1313 2367 ex-

99 2410 101 2419 ’
181 2405 395 2474 trahebantur.
438 2390 512 2474 Neo·
522 2431 594 2474 raro
611 2412 643 2474 in
660 2408 773 2476 fabulis
790 2408 851 2473 hoo
867 2415 1133 2490 repraesentatum
1150 2429 1219 2473 assa
1228 2451 1238 2485 ,
1257 2426 1313 2470 au·

183 2510 252 2574 uuit
267 2508 354 2579 locus
369 2509 497 2576 Horatii
512 2512 612 2594 Epist.
631 2509 673 2588 11,
692 2516 724 2589 3,
742 2516 803 2574 338
821 2547 863 2560 -
881 2515 956 2572 341:
1072 2517 1078 2523 '

350 2645 418 2703 ficta
435 2646 584 2722 voluptatis
603 2663 687 2702 causa
705 2645 761 2701 siut
777 2645 905 2721 proxima
923 2646 994 2716 veri,

351 2761 405 2804 uec
424 2742 608 2823 qaodcunque
626 2743 712 2814 volet,
731 2755 831 2822 poscat
848 2743 902 2802 sibi
919 2743 1122 2816 iabuia'credi,

351 2863 406 2904 neu
423 2862 544 2924 pransae
562 2844 676 2904 Lamiae
694 2843 785 2904 vivum
803 2863 918 2924 puerum
937 2845 1066 2906 extrahat
1087 2847 1161 2918 alvo,
1240 2883 1242 2894 ,

353 2947 498 3005 centuriae
516 2946 658 3004 seniorum
675 2946 786 3024 agitant
803 2947 930 3024 expertia
947 2947 1048 3026 frugis.

185 3078 336 3168 Horatius
354 3077 452 3156 enim,
468 3069 569 3157 poetis
587 3079 799 3158 praecipiens,
818 3080 971 3157 quomodo
988 3085 1073 3143 recte
1090 3077 1213 3142 fabulas
1231 3099 1316 3142 com-

185 3187 317 3264 ponant,
345 3200 455 3243 cavere
480 3178 561 3257 vult,
588 3201 642 3258 ne,
668 3186 704 3243 ut
719 3199 873 3263 nugarum
890 3188 1049 3259 auctores,
1075 3201 1115 3244 ea
1131 3181 1164 3242 in
1180 3181 1317 3243 medium

185 3282 361 3362 proferant,
389 3301 465 3361 quae
492 3303 512 3342 a
529 3301 606 3344 sano
624 3279 749 3344 homine
767 3282 853 3344 credi
874 3302 937 3345 non
952 3284 1087 3362 possint3
1113 3281 1228 3344 namsi
1246 3282 1316 3358 quis

73 3439 79 3448 .
184 3383 219 3447 iu
237 3383 374 3445 dramate
399 3402 512 3460 pueros
538 3403 558 3444 a
573 3379 686 3444 Lamia
710 3383 892 3461 devoratos,
918 3383 1028 3448 deiude
1054 3385 1143 3446 vivos
1165 3380 1235 3446 alvo
1253 3400 1317 3444 ex-

185 3490 303 3547 tractos
337 3489 571 3563 repraesentare
600 3480 710 3562 vellat,
745 3487 811 3547 iure
845 3484 1020 3548 offenderet
1053 3485 1204 3562 seniores,
1238 3480 1318 3544 talia
1381 3526 1389 3543 .

186 3582 318 3666 puerilia
334 3592 529 3665 respuentes,
549 3605 641 3664 quae,
667 3591 703 3649 ut
716 3582 850 3650 Tertull.
868 3585 939 3649 adv.
958 3581 1084 3650 Valent.
1103 3589 1122 3646 3
1140 3587 1194 3664 ait,
1211 3583 1316 3647 infau-

188 3695 237 3750 tes
253 3689 336 3750 iuter
351 3689 453 3750 somni
469 3683 666 3750 difficultates
683 3708 703 3748 a
719 3684 871 3750 nutricula
889 3685 1030 3764 audiunt,
1055 3684 1187 3750 Lamiae
1212 3691 1316 3748 turres

190 3793 223 3852 et
237 3789 376 3866 pectines
393 3786 479 3851 solis.
522 3785 597 3852 Alia
613 3787 652 3852 de
667 3786 780 3851 Lamia
799 3785 947 3852 miracula
964 3785 1018 3850 alii
1035 3794 1159 3851 autores
1177 3791 1314 3850 narrant.

189 3888 300 3954 Fuisse
316 3888 407 3954 verbi
424 3909 516 3954 oausa
532 3887 676 3954 Lamiam
693 3889 854 3970 quandam,
864 3910 951 3969 puae
969 3907 1062 3968 quum
1079 3889 1164 3952 domi
1180 3888 1316 3965 sederet,

192 4069 400 4086 p———n—-a-n—

259 4181 320 4242 124)
337 4180 423 4231 Sahal.
433 4180 484 4231 vet.
494 4180 748 4242 adflomt.Epirt.l,
764 4181 864 4241 13,1⁰:
882 4179 1142 4242 „Lamaestvorago;
1160 4174 1318 4240 iripocauim

188 4248 372 4309 ratmgluvin,
406 4248 509 4300 Lamiae
517 4261 616 4309 quoque
625 4249 744 4300 dicuutur
756 4248 924 4298 devoratrices
934 4248 1101 4310 puerorum.“
