2844 4950
658 278 751 348 ''6AE

163 507 255 583 orae
271 502 315 588 ll,
332 507 383 574 71.
404 501 567 573 eiusnodi
587 501 725 584 exempli
739 503 842 588 gretie
857 508 917 583 est,
935 501 1019 584 quoti
1033 499 1149 592 legitur
1164 523 1183 568 e
1196 502 1291 570 Pom·
1400 525 1401 540 ι

162 612 250 694 ponii
264 610 424 694 Adoptoto
441 605 523 688 opud
538 602 623 672 Non.
639 605 754 686 peribit
768 627 800 687 ιι.
819 608 894 674 508ι

371 714 396 774 si
413 729 572 794 praegnens
588 730 646 770 non
663 729 710 783 es,
727 741 783 763 ψ-
779 709 895 790 peribis
910 729 1061 791 nnnquu.

162 829 275 898 Prelio
291 829 463 912 quosdam,
488 845 580 909 quern
595 825 637 890 eb
654 845 780 890 eeuenrn
796 827 915 905 nescio,
937 845 972 890 se
987 835 1210 912 praegnantem
1228 847 1292 892 non

163 955 234 1000 esse
250 931 470 1004 contenderem
487 927 568 993 ulter
583 897 657 994 dum
672 927 854 1008 respondet:
872 929 903 992 si
922 949 1131 1012 praegnans
1147 946 1218 994 nou
1236 951 1292 1009 ee,

162 1041 388 1117 exspectamus.
413 1039 480 1096 turn
500 1051 553 1095 res
569 1029 634 1094 ulie
650 1037 713 1108 est,
734 1036 800 1094 tum
825 1028 886 1093 hoc
910 1029 962 1094 vel
982 1027 1060 1094 illud
1083 1027 1141 1096 fiet
1160 1029 1212 1094 vel
1228 1051 1294 1095 nou

156 1137 233 1212 ure
256 1136 312 1200 sed
332 1141 458 1218 praeter
474 1133 741 1214 exspectationem
765 1130 894 1196 ridicule
919 1131 1017 1197 addit:
1041 1131 1183 1214 peribis
1200 1154 1293 1197 nun-

163 1259 276 1321 punm.
319 1234 423 1300 Simili
446 1236 541 1299 modo
566 1255 646 1298 uxor
662 1232 813 1314 quaedem
830 1233 912 1314 opud
932 1231 1042 1315 Pomp.
1062 1231 1221 1299 Citharist.
1239 1257 1289 1316 ep.

161 1337 247 1406 Nou.
263 1341 400 1404 irascere
416 1360 446 1418 p.
464 1340 538 1417 127,
556 1340 576 1400 7
594 1343 706 1417 questu
720 1341 778 1415 cst,
797 1335 878 1416 quod
894 1336 1023 1400 meritus
1035 1338 1116 1400 mori
1133 1357 1168 1401 se
1184 1335 1292 1402 vellet.

160 1440 246 1508 Boni
269 1441 366 1506 enimi
378 1453 461 1504 seem
478 1460 548 1504 esse
563 1439 650 1502 iubet
666 1436 718 1501 vel
734 1439 882 1518 meritus,
909 1436 962 1502 vel
986 1437 1171 1518 quisalius:
1197 1437 1292 1519 noli,

161 1545 281 1626 inquit,
308 1562 464 1624 qneeso,
490 1541 618 1614 iresci3
646 1545 862 1620 exspectamus
881 1538 980 1604 verbe
998 1539 1102 1621 lenis,
1127 1543 1206 1604 ἱιιιιι
1222 1563 1292 1622 per-

160 1644 349 1725 rnnleenfln,
370 1644 427 1710 sed
445 1643 518 1726 qnid
533 1640 693 1722 seqnituri

373 1783 454 1825 more
471 1765 515 1836 tit,
534 1783 610 1823 suem
628 1763 726 1822 moriri
743 1764 860 1844 quisque
874 1774 908 1824 ut
923 1783 1042 1825 uxorem
1059 1765 1136 1826 velit.

161 1885 235 1950 Huc
250 1881 435 1947 trahendum
452 1881 545 1944 etiem
563 1885 611 1943 est
626 1879 832 1968 fragmentum
850 1902 867 1944 e
884 1879 1047 1963 Pomponii
1055 1879 1194 1950 Decumo
1210 1881 1294 1963 opud

33 2011 37 2022 ·
69 2017 73 2024 ·
162 1985 290 2052 Festum
305 2006 337 2048 v.
359 1989 509 2047 temetum

374 2127 430 2167 non
448 2106 544 2167 multi
562 2107 674 2179 temeti,
692 2103 794 2172 sed,-
809 2077 957 2186 plurimi.

164 2222 226 2288 Vel
242 2224 330 2290 iocus
346 2220 404 2286 ille
418 2214 594 2290 femilieris:
611 2224 774 2304 sepiens,
795 2222 829 2287 ei
845 2221 1006 2308 nl'gebie,
1027 2231 1184 2302 tremes,
1202 2245 1292 2304 quem

165 2323 278 2390 Cicero
291 2323 361 2390 loeo
379 2347 473 2407 supro
490 2327 584 2389 citato
601 2331 748 2406 tanquam
765 2325 941 2408 exemplum
960 2326 1063 2406 affert,
1081 2329 1183 2407 etqui
1197 2328 1294 2392 inter·

162 2435 267 2510 protes
284 2449 346 2494 non
362 2449 472 2510 porum
489 2428 636 2508 vexavit,
662 2449 680 2490 e
697 2427 793 2492 Nonii
809 2427 927 2494 fabulo.
941 2429 1097 2504 desumtus
1119 2449 1187 2492 esse
1207 2429 1294 2492 vide-

163 2537 227 2594 tur.
269 2528 409 2600 Pertinet
434 2531 537 2608 enim,
562 2536 598 2592 ut
623 2531 775 2610 coniicio,
801 2529 840 2592 nd
861 2529 938 2597 iilud
959 2530 1185 2614 fragmentum,
1212 2529 1294 2611 quod
1322 2605 1324 2609 Ι

164 2632 301 2699 servavit
317 2630 408 2700 nobis
425 2652 442 2694 e
459 2627 554 2692 Novii
570 2625 685 2694 Mortis
702 2637 736 2694 et
751 2628 847 2694 Vitae
863 2629 982 2696 Iudicio
999 2629 1082 2708 Non.
1099 2655 1130 2714 ιι.
1147 2636 1221 2714 479,
1239 2637 1274 2698 8:

376 2763 406 2812 et
422 2750 502 2812 vobis
520 2752 628 2811 otiosus
646 2771 719 2823 suro,
738 2753 776 2812 rui
792 2751 967 2831 nigehoprui
985 2753 1116 2829 crunno,

165 2867 329 2951 opprobrio
347 2867 468 2930 cuidem
483 2866 522 2932 nb
540 2868 649 2932 amicis
665 2868 770 2948 fecto,
797 2869 880 2949 quod
897 2871 1016 2934 otiosus
1032 2873 1092 2951 sit,
1112 2870 1197 2935 unde
1213 2871 1293 2951 fore,

163 2980 199 3040 ut
215 2969 293 3038 nihil
308 2968 443 3050 hebeat,
469 2989 530 3050 quo
545 2971 650 3050 vivet,
675 2969 834 3055 frigusque
852 2979 976 3053 ereeet,
1000 2973 1181 3054 respondet:
1202 2973 1294 3037 vobis

166 3077 283 3142 otiosus
300 3092 378 3138 'enm
404 3078 463 3137 ete.
490 3074 512 3134 i.
535 3093 562 3136 e.
587 3075 615 3136 si
641 3074 760 3138 otiosus¹
782 3071 873 3138 vobis
899 3075 1121 3155 emeritens,
1149 3075 1293 3139 damnum
1342 3133 1346 3140 ,

164 3191 270 3242 meum
286 3182 345 3255 est,
363 3194 426 3238 non
442 3195 499 3238 vos
517 3172 671 3259 algebitis,
689 3193 760 3240 non
769 3196 827 3240 vos
840 3177 994 3256 esurietis,
1012 3175 1067 3240 sed
1085 3198 1143 3262 ego
1160 3179 1294 3241 inertiae

164 3301 253 3347 meac
279 3275 399 3358 culpam
422 3275 520 3352 luem3
556 3277 629 3358 quid
652 3279 747 3362 igitur
772 3279 869 3342 otium
894 3286 1004 3343 ιιιιιιιιιί
1020 3280 1060 3342 ed
1080 3299 1145 3373 vos
1154 3277 1295 3343 adtinet?
1365 3311 1368 3324 ·

165 3380 238 3462 qnid
254 3375 569 3460 mereprehenditis'f
597 3376 672 3446 Cui
690 3377 782 3444 ulter:
810 3383 979 3462 sepiens,
1004 3383 1122 3462 inquit,
1140 3379 1293 3468 sieige

163 3481 240 3561 bis,
266 3485 427 3554 tremens
441 3481 523 3561 quod
538 3478 709 3566 significet.
735 3482 845 3563 quodsi
870 3504 920 3548 res
945 3485 992 3547 ite
1013 3492 1080 3564 est,
1105 3490 1141 3548 nt
1156 3485 1293 3565 sopiens,
1356 3492 1364 3500 '

157 3582 322 3651 'emoneo
339 3581 470 3648 otiorum
486 3581 617 3648 consilio
641 3590 674 3647 et
693 3582 889 3665 hortatione,
907 3584 1012 3672 sigere
1022 3585 1150 3650 veiis
1124 3623 1162 3636 -
1181 3584 1295 3648 nihilo-

163 3687 264 3751 minus
291 3687 415 3767 sepiens
440 3693 566 3749 tremes.
611 3683 759 3750 Ceterum
775 3687 965 3768 notandum,
995 3685 1105 3753 inillo
1133 3685 1294 3751 Ciceronis

164 3787 235 3860 loco
252 3787 417 3857 nonnullos
434 3783 517 3850 Mser
531 3793 655 3851 veteres
671 3807 727 3868 pro
744 3785 776 3852 N
782 3788 936 3854 novio-N
941 3792 1027 3855 ovio
1046 3788 1256 3873 hebere193).

241 3887 360 3969 Saepe.
375 3910 439 3954 non
463 3886 596 3952 intioete'
615 3895 862 3977 παραιομιισίαι
880 3891 1087 3958 adhibuerunt
1102 3897 1234 3974 poetae,
1260 3895 1296 3955 ut

164 3992 273 4075 Pomp.
291 3989 410 4054 Postib.
431 3990 511 4071 apud
528 3987 613 4057 Non.
628 4012 737 4057 rumen
753 4015 784 4074 p.
804 3997 859 4072 18,
883 3997 937 4076 15:

232 4233 294 4301 ιιι)
312 4233 500 4296 optarentne
518 4235 575 4284 vlu
600 4250 624 4296 ιι.
638 4238 699 4290 222.
723 4237 839 4321 „vetusti
853 4237 971 4290 ιιιιιιιιιιιι
988 4236 1294 4298 cneo.1e·nrinm,nnn

163 4305 263 4353 Neevi
268 4301 573 4364 umeeripturnhebentt‘
