2844 4950
670 255 673 264 ¹
697 263 746 334 24

152 488 261 554 iuven.
288 489 328 553 ad
345 486 412 554 Sat.
431 486 490 569 111,
518 491 577 554 1⁷5
596 489 673 554 citat
689 488 728 553 ud
745 481 951 571 probandam,
971 487 1074 554 tabem
1091 489 1198 556 ludum
1213 497 1285 572 port

152 591 344 677 tragoediam
361 590 412 655 edi
432 591 558 656 solitum
575 611 659 656 asse:

322 694 422 776 dignm
439 695 578 776 principio
592 696 693 770 exitus,
712 693 897 776 exodiumque
914 695 1117 777 aequatam).

153 793 324 860 Salmasius
342 795 463 878 quidem
480 809 614 874 versum,
633 816 672 858 ne
689 815 764 859 suae
782 797 953 876 sententiae
963 796 1155 878 adversetur,
1172 803 1285 862 mutat:

390 899 530 978 principio
549 897 672 978 dignum,
692 899 879 980 exodiumque
898 911 1053 979 sequetur,
1072 892 1075 896 ’

153 1001 277 1063 exitus
303 999 434 1081 dignus
459 1019 515 1079 pro
541 997 730 1090 glossemate
755 1001 842 1063 vocis
868 1000 1042 1063 exodium
1068 999 1202 1080 habens,
1229 1000 1286 1064 sed

151 1102 281 1175 frustra3
309 1101 433 1165 exitus
460 1100 592 1184 dignus
617 1121 652 1164 se
677 1108 762 1164 reete
785 1100 893 1176 habet;
920 1100 1076 1185 signifieat
1096 1103 1179 1165 enim
1200 1107 1286 1164 outa·

151 1201 300 1282 stropben
322 1201 514 1286 tragoediae.
566 1190 637 1266 Non
663 1205 761 1286 magis
779 1205 873 1267 etiam
897 1202 1029 1284 inillis,
1056 1224 1132 1284 quos
1150 1203 1286 1267 Stievius

37 1383 39 1390 Ι
152 1308 243 1384 citat,
261 1302 338 1368 loeis
355 1303 454 1382 Livii,
473 1303 630 1382 Suetonii,
648 1302 805 1368 Iuvenalis
823 1304 971 1368 exodium
989 1304 1163 1377 aliamvim
1179 1303 1285 1384 habet,

152 1427 243 1487 quarn
265 1427 349 1486 eam,
376 1407 415 1469 do
434 1427 493 1486 qua
518 1407 611 1470 modo
630 1406 781 1486 diximum,
807 1413 842 1469 ut
864 1429 967 1470 sumus
992 1406 1074 1472 inira
1099 1409 1283 1487 exposituri.

151 1509 349 1573 Exodiarii
368 1529 496 1589 nomen,
519 1508 558 1571 ab
578 1508 693 1571 exodio
712 1509 901 1589 derivatum,
927 1509 1043 1572 frustra
1059 1530 1188 1588 quaeres
1207 1508 1286 1588 apud

151 1612 318 1691 scriptores
335 1601 472 1691 priorum
489 1608 676 1681 seculorum
694 1617 844 1688 quantum
857 1633 915 1694 ego
929 1613 994 1674 seio
1012 1591 1141 1674 verburb
1157 1613 1287 1691 primum

151 1711 266 1797 legitur
282 1713 363 1793 apud
379 1712 578 1776 Ammianum
594 1708 820 1774 Mareellmum.
872 1709 985 1774 Ortum
1010 1712 1134 1776 videtur
1151 1733 1190 1775 eo
1207 1720 1286 1776 tem·

150 1837 242 1896 pore,
262 1836 321 1894 quo
340 1815 439 1876 omnis
457 1831 507 1874 urs
525 1815 648 1876 scenica
664 1811 735 1874 solo
751 1813 845 1874 mimo
856 1818 888 1874 et
904 1814 1093 1892 pantomimo
1112 1813 1286 1894 constabat,

72 1934 76 1948 ·
150 1937 251 1996 neque
269 1914 422 1992 Atellani,
441 1935 541 1994 neque
558 1911 662 1992 Mimi,
681 1911 972 1994 nequePlanipedes
990 1921 1022 1976 et
1039 1916 1089 1994 qui
1106 1922 1179 1978 sunt
1194 1914 1286 1980 buius

150 2019 273 2101 genueris
299 2015 355 2078 alii
379 2017 462 2079 inter
486 2037 520 2079 se
543 2016 821 2099 distinguebantur.
865 2012 947 2079 Tum
965 2015 1144 2078 exodiarius
1161 2017 1285 2096 iuerat,
1357 2041 1376 2072 κ

28 2141 33 2158 ι
152 2121 203 2198 qui
220 2137 317 2201 nugas
343 2119 419 2180 istas
442 2116 570 2200 agebat,
598 2117 707 2197 quibus
735 2118 850 2181 exodia
877 2119 1048 2198 composita
1073 2123 1176 2191 erunt3
1202 2119 1286 2182 unde

150 2227 237 2283 reete
255 2227 454 2304 nugatorem,
473 2227 610 2282 doumam
627 2220 799 2297 scenicum,
822 2221 1005 2298 apinariuru,
1023 2226 1198 2282 tarataram
1215 2241 1286 2282 eum

151 2329 244 2386 uocat
261 2321 412 2400 suemus,
430 2320 487 2384 sed
503 2339 581 2399 nou,
600 2319 681 2400 qnod
699 2320 814 2382 exodia
831 2319 912 2383 sales
930 2326 962 2383 et
976 2321 1065 2382 ioooa
1082 2321 1166 2400 ipsos
1185 2323 1289 2400 expri-

152 2424 294 2503 mebant,
321 2424 376 2486 sod
403 2423 484 2503 quod
509 2425 586 2486 ioois
613 2431 646 2487 et
669 2422 788 2486 salibus
813 2423 930 2486 referta
956 2443 1025 2486 esse
1049 2421 1203 2486 solebant.
1245 2423 1289 2488 lit

152 2549 244 2608 quum
258 2529 322 2588 iam
338 2526 527 2587 Exodiarius
553 2521 650 2587 talem
675 2524 832 2586 hominem
858 2527 952 2586 etiam
973 2530 1066 2586 extra
1082 2522 1237 2588 theatrum
1253 2533 1288 2589 ut

151 2629 276 2690 videtur
292 2623 497 2710 significaret,
520 2632 557 2686 ut
573 2622 656 2687 Galli
682 2645 801 2704 quoque
816 2607 987 2688 ¹Furoeur
1004 2643 1067 2686 non
1084 2623 1185 2688 solum
1201 2647 1288 2690 sour-

151 2751 219 2794 ram
245 2728 415 2805 scenicum,
438 2725 493 2790 sed
519 2746 729 2806 quemcunque
750 2733 932 2810 nugatorem
959 2723 1131 2806 appellant,
1156 2737 1230 2792 tuno
1254 2731 1287 2792 iu

140 2851 243 2915 xusum
258 2831 359 2909 veuit,
383 2830 449 2892 non
467 2827 568 2891 solum
582 2829 742 2892 exodiarii
759 2827 882 2909 aliquod
900 2829 1072 2906 dicterium,
1091 2828 1147 2902 sed
1165 2851 1287 2894 omnem

151 2935 287 2997 facetam
311 2930 363 2995 vel
389 2937 513 2994 acutam
538 2932 725 2996 sententiam
747 2932 840 2995 etiam
859 2936 950 2994 extra
965 2929 1122 2994 theatrum
1137 2931 1288 3011 prolatam

153 3036 299 3101 exodium
317 3035 432 3114 dicere,
448 3040 487 3096 ¹ut
503 3035 584 3114 apud
601 3032 731 3098 Hieron.
750 3032 771 3097 l.
790 3056 816 3097 o.
835 3030 1043 3096 velutiGaiiis
1061 3050 1182 3114 quoque
1199 3034 1287 3098 Far-

153 3159 214 3202 oes
240 3159 303 3200 non
329 3143 450 3200 tantum
467 3137 597 3217 exodia,
623 3136 680 3200 sed
706 3137 801 3200 etiam
819 3137 918 3198 omnis
935 3137 1057 3218 generis
1083 3157 1183 3220 nugae
1204 3145 1287 3199 sunt.

155 3239 246 3314 Quae
270 3247 384 3314 tamen
407 3243 493 3304 voois
519 3241 606 3303 notio
632 3259 705 3302 num
730 3259 808 3319 puro
834 3237 950 3302 Latino
976 3240 1113 3301 sermoni
1138 3237 1288 3302 vindicari

153 3345 271 3424 possit,
288 3343 416 3406 videant
433 3343 547 3421 exiis,
571 3363 649 3422 qnae
666 3341 759 3405 modo
777 3341 946 3420 disputavi,
968 3341 1026 3402 viri
1044 3339 1135 3402 docti.
1179 3337 1288 3420 Itaque

155 3467 219 3508 non
236 3444 381 3508 abiudico
398 3444 522 3525 quidem
538 3445 639 3507 mimis
664 3441 726 3506 illis
744 3454 777 3506 et
793 3441 1028 3522 Planipedibus,
1055 3441 1093 3504 de
1110 3440 1218 3522 quibus
1236 3462 1288 3503 oe-

37 3536 43 3542 *
154 3555 255 3612 terum
272 3545 407 3610 Stiovius
432 3546 529 3612 multa
544 3545 706 3627 probanda
729 3543 873 3624 protulit,
900 3545 1139 3608 Exodiariormn
1164 3561 1288 3622 nomen,

154 3656 229 3731 puto
255 3655 360 3714 tamen
386 3647 543 3713 Iuvenalis
569 3645 768 3713 Scholiasten
797 3647 854 3711 sub
885 3667 942 3710 suo
968 3647 1140 3709 Exodiario
1165 3647 1290 3708 nonnisi

154 3749 337 3816 Atellauum
353 3748 530 3834 significare
547 3739 698 3829 voluisse,
721 3750 822 3829 quiin
837 3747 901 3812 fine
918 3747 1061 3812 ludorum
1077 3747 1290 3811 tantummodo

156 3856 301 3932 intraret,
328 3873 397 3944 non!
417 3855 544 3917 mimum
572 3860 604 3916 et
628 3850 844 3932 Piauipedem,
876 3853 1030 3930 quiinter
1047 3849 1185 3934 singulos
1203 3857 1291 3912 aetus

155 3956 328 4038 prodirent.
371 3951 455 4018 Nam
482 3962 567 4020 certo
592 3975 657 4019 non
674 3975 747 4019 casu
774 3954 975 4032 factumest,
1001 3959 1037 4017 ut
1060 3952 1169 4036 Lydus
1196 3952 1291 4014 etiam

158 4101 368 4114 ...nun—n—

226 4195 270 4259 71)
288 4199 362 4258 Vulg.
371 4197 516 4256 „principio
525 4198 610 4246 exitus
620 4197 722 4257 diguus,
733 4197 902 4254 exodiumque
911 4198 1062 4256 eequetur“;
1082 4198 1212 4244 verborum
1222 4191 1292 4239 ordi·

159 4281 215 4314 nem
226 4268 257 4314 ad
267 4281 366 4315 versum
377 4266 501 4327 integrum
511 4265 705 4314 restaurandum
715 4265 765 4313 iam
774 4265 881 4346 mutapit
889 4267 1013 4315 Laureub.
1023 4265 1127 4324 unuqu.
1134 4277 1158 4322 p.
1167 4262 1226 4308 162.
