2844 4950
631 381 837 390 μ--η-...μ-...ι-

175 510 272 618 etiarn
288 509 450 586 Bantinos
465 510 635 608 bilingues,
653 495 1075 608 quirum'inalterupun'te
1084 507 1212 584 Latino
1226 535 1297 584 ser·-

171 649 275 719 nrone
285 648 458 743 repetitum
473 647 552 740 luit,
570 648 655 744 qnod
667 648 705 718 in
717 645 830 720 altera
844 643 945 720 Oscis
961 646 1070 718 uerbis
1084 647 1317 744 conposlm*

40 811 43 818 ·
75 770 78 780 ¹
173 782 309 878 legitur,
339 782 530 855 Memento
550 790 644 876 sunt,
668 782 995 880 uulgoslloruanuur
1023 805 1066 854 ue
1090 804 1132 854 ce
1156 782 1297 878 quiden,
1415 815 1417 876 ῃ

174 941 256 1013 quae
274 914 367 990 Osco
382 919 645 1015 scripturatum,
659 917 875 992 intellexisse.
946 975 948 984 .

272 1029 860 1150 ntennnnnnagnnaeues...
870 1052 959 1146 oens,
975 1054 1141 1150 qumque
1155 1057 1232 1126 ane
1247 1077 1299 1129 ne
1417 1015 1419 1092 ἕ

77 1297 83 1309 ι
175 1211 215 1261 ee
230 1188 432 1285 collegerant
449 1189 567 1285 (llenr.
588 1188 789 1287 Stephanus,
806 1189 938 1282 Delrio,
955 1188 1140 1282 Maittnirc‚
1159 1187 1296 1262 (lulloot
1420 1276 1421 1296 ἦ

174 1321 321 1422 Pisana,
346 1319 484 1418 Bothe),
508 1325 594 1422 quod
608 1325 715 1403 lector
738 1324 981 1422 comparatione
1001 1324 1089 1399 fece
1111 1323 1210 1396 facile
1227 1324 1299 1396 eni-
1420 1304 1421 1327 ¹

173 1461 367 1553 menet,
390 1484 453 1534 noo
468 1483 534 1536 uon
550 1459 793 1557 amnisquam
810 1459 1070 1534 emendatissime
1086 1483 1127 1532 ea
1142 1459 1299 1532 in-tueern

172 1595 325 1692 prodere.
376 1593 446 1668 Sed
461 1619 556 1693 quum
572 1594 714 1668 maxima
737 1619 849 1668 eorum
868 1621 946 1693 pers
969 1621 992 1667 a
1007 1594 1118 1669 Nonio
1134 1593 1298 1668 Marcello

174 1729 313 1828 petenda
335 1730 396 1822 sit,
421 1730 513 1804 ouius
536 1731 686 1804 sordibus
710 1731 913 1825 remouendis
934 1755 976 1806 ue
991 1731 1299 1828 Herculeoquidem

88 1836 91 1847 ¹
173 1865 327 1960 sufficiat,
343 1867 459 1939 ueniae
474 1867 552 1940 nihi
569 1865 645 1959 erit,
663 1867 693 1939 si
708 1866 763 1939 hie
778 1867 850 1940 illio
866 1868 931 1939 mei
948 1867 1045 1940 etiarn
1062 1875 1197 1941 conatus
1213 1866 1298 1939 irriti

172 2001 307 2075 fuerint.
357 2001 447 2075 Usus
472 2028 542 2076 snm
565 2003 617 2075 his
643 2001 854 2076 editionibusc
888 2001 1037 2076 Nonius
1067 2001 1297 2095 Marcellus,

173 2135 314 2222 Festus
347 2135 566 2235 Pompeius,
591 2137 730 2212 Varro.
787 2137 1007 2236 Impraessum
1036 2137 1187 2212 Venetiis
1213 2138 1298 2236 apud

172 2270 369 2369 Magistrum
393 2271 572 2344 Antonium
597 2274 638 2345 de
664 2272 799 2369 (insago
824 2271 1040 2348 Brixienrem
1065 2297 1151 2346 anno
1176 2274 1299 2346 domini

177 2407 362 2500 1198101.
381 2402 525 2501 (easdem
541 2405 697 2478 lectiones
723 2413 755 2478 et
770 2407 903 2480 mendas
918 2408 1053 2504 praebet
1073 2431 1112 2480 ac
1129 2407 1297 2482 Brixiens.

176 2548 271 2619 1183
289 2549 323 2616 et
337 2540 577 2630 Mediolanens.
596 2545 709 2632 15103
725 2541 864 2615 Dtilnner
879 2543 905 2616 l.
923 2566 954 2615 c.
971 2565 1006 2639 p.
1021 2536 1184 2633 438).-
1200 2542 1296 2617 Nou.

172 2675 293 2750 Maro.
311 2678 351 2750 de
367 2677 565 2775 proprietate
581 2677 737 2750 sermonis
753 2716 805 2730 -
821 2701 882 2774 ope
899 2677 1186 2751 vetustissimorum
1203 2678 1297 2751 codd.

175 2820 207 2885 et
230 2812 392 2886 industria
423 2811 556 2884 lladr.
573 2809 690 2884 Iunii.
747 2812 908 2911 Antuerp.
939 2838 981 2886 ex
1012 2813 1143 2886 officina
1172 2811 1295 2886 Christ.

171 2946 322 3020 Plautini
339 2949 448 3038 1565,
467 2953 503 3023 8.
516 2984 567 2998 -
582 2945 682 3020 Non.
697 2945 880 3022 Marcell.
896 2948 938 3021 de
952 2972 1066 3045 propr.
1083 2971 1181 3022 serm.
1197 2946 1297 3020 Pari-

173 3082 231 3156 siis
257 3081 343 3180 apud
367 3081 457 3177 Aeg.
473 3081 561 3177 Beys
580 3086 690 3159 1583.
706 3082 921 3157 -Nouius
937 3082 1154 3155 Marcellus
1170 3121 1221 3136 -
1238 3082 1299 3154 ad-

172 3219 278 3290 iectae
294 3221 370 3288 sunt
384 3223 483 3292 notae
499 3216 638 3313 Dionys.
657 3215 862 3292 Gotlolredi.
894 3217 1005 3291 Paris.
1025 3217 1155 3290 Arnold
1173 3216 1299 3290 Sittard

176 3357 287 3445 1586,
315 3355 352 3428 8.
376 3391 428 3406 --
452 3349 549 3425 Non.
573 3350 752 3427 Marcell.
778 3354 813 3426 in
830 3351 1025 3430 Gotholredi
1050 3352 1189 3426 Auctor.
1214 3349 1295 3425 Lat.

171 3487 252 3583 ling.
268 3523 319 3538 -
335 3485 456 3560 Nonii
470 3483 656 3559 Marcelli
672 3513 756 3560 noua
772 3489 884 3563 editio.
941 3487 1084 3560 Additus
1101 3493 1152 3560 est
1166 3450 1303 3560 libellus=

172 3621 344 3719 Fulgentii
371 3628 404 3694 et
428 3628 524 3694 notae
550 3620 637 3716 (Ios.
657 3619 820 3716 Merceri)
846 3625 881 3700 in
899 3621 988 3697 Non.
1006 3629 1040 3696 et
1054 3621 1154 3718 Fulg.
1173 3618 1299 3694 Sedani

173 3757 280 3831 Henr.
296 3756 430 3829 Perrier
456 3762 565 3850 1614,
592 3765 614 3835 8
633 3757 762 3854 (eadem
778 3767 829 3832 est
844 3783 883 3830 ac
898 3757 1097 3831 Parisiensis
1114 3755 1193 3830 edit.
1210 3759 1299 3830 eius·
1337 3783 1345 3801 ·

15 3971 19 3984 ,
174 3893 248 3965 dem
265 3893 357 3964 anni:
373 3890 521 3964 Fabricii
529 3891 620 3965 Bibl.
631 3890 713 3967 Lat.
722 3893 822 3969 Τοιιι.
839 3891 911 3986 ΙΠ,
928 3917 964 3992 [ι.
980 3897 1054 3969 336
1073 3889 1298 3983 ed.Ernest.).

175 4065 224 4080 ·-
240 4027 295 4101 De
311 4026 413 4101 Nonii
429 4027 625 4102 editionibus
642 4029 906 4104 elflennannus
923 4029 960 4101 in
975 4027 1115 4124 praelat.
1128 4029 1171 4102 ud
1186 4026 1298 4099 Plant.

176 4161 360 4238 Trinumm.
370 4191 411 4263 lp.
428 4163 518 4238 Vlla
535 4165 691 4257 „omnino
709 4166 886 4241 cauendum
903 4171 969 4257 est,
985 4189 1027 4237 ne
1044 4161 1302 4261 quaestines-

1395 525 1414 628 l

1408 639 1415 756 l
