2840 4948
519 275 943 394 .Q·

132 529 238 576 rarum
262 504 438 574 fabularum
462 503 565 572 ionna
588 511 762 572 uterentur.
813 503 851 572 ln
876 503 1154 576 conformationem
1174 531 1266 599 ergu-
1381 547 1387 560 =

132 611 232 677 menti
247 629 324 674 voro
340 629 485 694 magnam
502 629 561 680 eas,
572 608 636 672 vim
652 608 850 686 exercuisse,
866 605 1002 677 libenter
1018 611 1164 679 concedo.
1255 673 1259 682 ,

144 773 148 786 ‚
217 709 257 776 lu
272 708 418 782 Atellnna
435 731 479 774 ex
494 717 636 791 tempore
652 708 868 774 acta-fabulae
884 729 987 776 nexus
1003 731 1067 776 non
1082 713 1145 776 nisi
1159 714 1267 782 admo·

133 814 208 879 dum
223 810 359 892 simplex
376 832 446 878 esse
461 811 580 893 potuit,
605 831 699 892 saepe
714 811 792 878 iocis
809 811 1007 894 dicteriisque
1023 819 1165 879 actorum
1181 837 1201 880 a
1217 817 1268 882 in·

131 910 227 978 bulae
244 920 427 998 argumento
445 911 557 976 alienis
574 914 772 993 interruptus.
814 911 1006 995 Pomponius
1030 911 1082 978 vel
1099 917 1168 996 quis
1185 915 1266 986 alins

131 1013 293 1081 Atellanos
310 1016 433 1096 scripsit
449 1013 490 1080 ad
507 1014 632 1080 modum
644 1013 876 1080 comoediarum
892 1016 990 1082 nexui
999 1022 1031 1080 et
1038 1017 1153 1081 rationi
1168 1019 1266 1084 totius

132 1119 308 1202 argumenti
332 1115 401 1199 pius
419 1137 511 1182 curae
528 1115 652 1190 dedisse
668 1115 813 1196 videtur,
838 1116 967 1182 remotis
990 1115 1085 1182 rebus
1101 1118 1267 1200 superfluis

133 1227 168 1294 et
184 1216 306 1284 alienia
349 1215 494 1284 Vidimus
511 1237 605 1298 supra
621 1239 640 1281 e
655 1219 796 1300 vestigiis
812 1219 847 1282 in
862 1217 1045 1302 fragmentis
1057 1218 1160 1286 obviis
1177 1220 1268 1288 nbu-

131 1318 233 1384 larum
250 1327 463 1404 argumentum
479 1319 547 1382 fere
564 1317 658 1384 simili
673 1318 767 1382 modo
784 1320 869 1385 necti
885 1327 919 1384 et
934 1317 1033 1399 solvi,
1055 1339 1147 1402 qnam
1163 1323 1197 1390 in
1214 1343 1267 1394 ce-

131 1423 209 1486 teris
234 1420 360 1485 fabulis.
414 1419 517 1484 Oscae
546 1419 669 1500 quidem
696 1439 849 1500 personae
879 1441 898 1484 e
927 1427 1035 1485 vetere
1058 1420 1207 1488 Atellano
1231 1426 1267 1506 in

130 1523 279 1604 scriptam
299 1529 461 1602 susceptae
486 1527 578 1601 sunt,
603 1520 660 1584 sed
677 1522 753 1602 quis!
768 1519 830 1585 sibi
846 1521 1049 1602 persuadeat,
1074 1508 1178 1588 statos
1193 1523 1266 1592 illas

130 1644 282 1708 personas
307 1644 363 1704 per
387 1620 515 1708 longum
540 1623 687 1703 temporis
713 1624 845 1704 spatium
869 1621 1044 1688 monobiles
1065 1624 1161 1690 otiam
1176 1647 1267 1714 mau-¹

132 1723 234 1791 sisset
275 1723 324 1788 Ea
349 1725 432 1788 enim
456 1730 505 1792 est
528 1713 721 1805 praestantia
744 1721 868 1790 illarum
884 1731 1035 1790 staterum
1051 1745 1265 1809 personarum,

133 1825 216 1909 qnod
232 1847 296 1891 non
311 1827 437 1892 mutatis
453 1825 591 1890 moribus
600 1871 611 1908 ‚
628 1823 758 1892 Maccus
776 1827 859 1890 enim
876 1828 1118 1908 omnitempore
1135 1829 1267 1909 stupidi·

130 1935 198 1994 tate
207 1974 218 2009 ,
243 1926 366 2010 Pappus
383 1927 515 1991 ovantia
535 1930 603 1991 sive
620 1926 788 2020 ambitione
808 1930 876 1992 sive
892 1925 1022 1993 libidine
1038 1929 1168 2014 insignis
1186 1939 1265 2013 erat,

131 2033 339 2110 cuiuscunque
356 2029 467 2092 aetatis
483 2031 639 2110 proprium
662 2028 799 2094 colorem
816 2031 884 2095 sine
901 2029 1015 2095 damno
1032 2025 1146 2096 indolis
1163 2039 1196 2097 et
1211 2054 1265 2098 nn·

131 2141 220 2198 turae
237 2152 313 2195 snae
330 2135 499 2194 assumunt.
543 2126 635 2206 Quod
652 2133 681 2194 si
697 2151 759 2195 non
778 2139 882 2211 esset,
907 2138 1050 2197 munuae
1066 2134 1169 2215 potius
1185 2131 1266 2221 tign-

130 2256 186 2301 rae
202 2230 366 2296 habendae
384 2238 509 2311 essent,
535 2253 635 2312 nequo
652 2234 814 2312 qnisquam
831 2234 909 2311 erit,
934 2235 986 2314 qui
1011 2253 1074 2298 non
1095 2234 1264 2322 intelligat,

131 2333 213 2398 hanc
229 2335 329 2414 ipsam
345 2334 408 2397 vim
425 2353 551 2396 cansam
567 2353 647 2414 esse,
659 2331 749 2420 qnod
763 2329 846 2398 tales
863 2353 1016 2414 personae
1032 2331 1121 2399 solae
1137 2357 1201 2401 non
1217 2339 1266 2402 in·

133 2441 350 2515 veterascant,
374 2417 433 2498 sed
453 2454 555 2497 novae
571 2454 694 2514 semper
711 2442 890 2516 appareant.
936 2430 1028 2510 Quod
1046 2436 1127 2516 apud
1145 2443 1266 2504 nostre-

124 2527 179 2601 ¹tes
198 2537 293 2600 efiam
309 2533 396 2616 fieri,
413 2554 477 2622 non
494 2541 562 2616 est,
581 2535 664 2617 qnod
680 2556 835 2600 monemn.
878 2530 1010 2601 Memini
1019 2581 1030 2618 ‚
1047 2557 1099 2602 me
1115 2544 1188 2604 ante
1205 2539 1265 2607 hos

130 2638 244 2723 viginti
269 2659 367 2702 annos
384 2633 517 2702 similem
535 2639 685 2701 comeam
699 2658 865 2719 personam
890 2639 923 2703 in
939 2636 1047 2703 fabula
1068 2641 1201 2722 quadam
1216 2643 1265 2708 vi·
1355 2671 1363 2684 =

130 2740 215 2804 disse
231 2741 392 2821 promissis
410 2735 550 2820 capillis,
569 2739 685 2802 nudato
704 2735 801 2819 collo,
822 2737 919 2820 pallio
936 2742 1045 2826 nigro,
1070 2746 1194 2830 patagio
1212 2767 1263 2812 ur.

130 2837 264 2905 tificiose
280 2839 407 2922 plicato,
425 2838 704 2906 Palaeotentonem
720 2861 782 2905 non
798 2841 867 2905 sine
883 2840 983 2906 multo
1000 2845 1065 2908 risu
1080 2866 1263 2928 repraesen-

131 2949 269 3022 tantem,
295 2951 368 3008 ante
392 2941 451 3006 hos
478 2942 585 3007 decem
607 2963 706 3006 annos
730 2941 813 3006 forte
838 2943 870 3006 iu
891 2941 1119 3010 Philhellenem
1142 2955 1264 3014 mutata

133 3050 220 3123 erat,
244 3043 339 3110 hodie
365 3064 464 3124 neque
482 3040 645 3108 Teutones
667 3064 767 3123 neque
783 3041 934 3108 Hellenos
951 3044 1090 3126 curabit,
1121 3049 1178 3112 sed
1194 3051 1263 3114 vias

131 3145 215 3209 ferro
233 3151 366 3226 stratas,
387 3147 452 3210 sive
469 3143 650 3209 saccharum
667 3144 749 3208 betis
767 3143 982 3209 extricandam
999 3144 1153 3228 loquetur.
1184 3147 1263 3224 Quis

130 3248 227 3332 igitur
243 3267 311 3310 eum
329 3245 487 3310 Sohobero
506 3246 631 3325 credat,
648 3243 813 3325 Pomponii
830 3242 985 3328 Noviique
1002 3243 1163 3330 Maccum,
1179 3237 1262 3333 Papss

131 3370 224 3431 pum,
250 3356 431 3430 ceterosque
453 3346 493 3411 ad
510 3368 644 3434 unguem
660 3348 793 3428 antiquis
812 3345 978 3430 Campanis
995 3351 1158 3432 personis,
1184 3374 1261 3434 quas

132 3432 303 3516 Andronici
336 3457 475 3531 tempore
508 3469 550 3512 ox
580 3445 687 3513 Atella
716 3450 846 3515 iuvenes
879 3452 1080 3532 petivissent,
1115 3451 1262 3534 aequales

130 3552 246 3631 inisse,
280 3550 443 3633 Oscosqne
466 3571 570 3614 mores
594 3546 789 3613 solummodo
816 3549 1050 3633 Campanaeque
1076 3574 1192 3640 nugas,
1227 3565 1268 3644 nt,

131 3653 207 3720 olim
235 3657 268 3720 in
296 3655 399 3738 patria
426 3651 547 3733 Atella,
582 3651 755 3716 ostendisse
768 3649 859 3738 ²⁷⁰)i
909 3651 1096 3718 Taeduisset
1119 3657 1261 3738 proiecto

198 3945 261 4006 27⁰)
279 3945 369 3999 Sehcb.
382 3947 400 3997 Ι.
413 3962 435 3996 c.
448 3962 473 4010 p.
484 3949 512 3997 ὓς
529 3939 678 4011 „Pomponii
692 3945 768 3996 etiem
777 3947 861 3996 aetate
870 3948 932 3998 setis
941 3949 1109 4012 magnainter
1118 3953 1258 4012 Campanos

129 4015 177 4078 „et
184 4014 312 4062 Romanos
320 4029 403 4064 mores
413 4015 545 4066 diversitas
553 4017 603 4084 ipit
611 4020 638 4064 et
647 4017 714 4076 quod
721 4016 823 4066 omnino
829 4030 892 4076 quse
901 4020 932 4066 sb
938 4019 1119 4078 antiquissimis
1129 4020 1185 4066 inde
1194 4023 1259 4066 tem-

130 4083 254 4144 „pcribus
263 4083 419 4132 multitudini
428 4087 529 4146 cognite
539 4087 679 4146 etaceepts
688 4086 803 4147 fuerunt,
820 4085 887 4134 haud
901 4087 976 4134 tacite
984 4091 1151 4147 evanescunt,
1167 4085 1259 4134 nedum

130 4152 232 4214 „Oscae
240 4164 364 4212 personae
373 4151 423 4200 iem
432 4155 486 4200 tum
495 4153 639 4202 exstinctae
649 4155 765 4214 inerunt,
784 4153 873 4212 quinus
883 4157 935 4203 tam
942 4154 1079 4216 singularis
1088 4157 1143 4200 eret
1151 4153 1259 4216 species,

129 4221 202 4280 „tem
219 4219 322 4281 propria
339 4218 448 4283 indoles,
465 4220 501 4269 ita
510 4219 542 4268 ed
550 4221 655 4269 humani
663 4222 763 4282 generis
773 4235 855 4270 mores
865 4224 890 4269 et
903 4223 1030 4284 ingenium
1040 4221 1133 4280 efficta,
1150 4224 1179 4270 ut
1188 4221 1259 4283 nutto

128 4287 262 4350 „tempore
278 4287 410 4350 exstingui
426 4288 536 4350 possint;
554 4287 655 4338 videtur
671 4289 739 4338 enim
756 4303 814 4351 aq:
831 4291 935 4338 Moerus
945 4287 1052 4338 huminis
1061 4287 1142 4348 inepti
1150 4288 1258 4354 attatei,
