2844 4950
655 267 705 340 29

574 367 785 378 *ann—nn·-

115 493 205 574 Opiei
222 491 298 556 dicti
316 494 393 570 sint,
410 489 469 554 lilii
486 489 751 569 achhet'l'erme,
768 489 824 554 sed
842 493 913 570 quia
926 490 1002 556 Orci
1017 499 1165 576 tanqum
1182 502 1247 563 mu

115 614 242 658 scurrae
260 593 418 676 erant⁸⁰).
443 591 530 656 Inter
546 613 654 655 omnes
670 595 748 655 vero
764 589 954 672 Campaniae
970 593 1063 658 urbes
1079 595 1247 676 Archon)
1352 597 1356 608 '

114 697 256 776 inprimis
273 694 421 758 Romanis
446 694 568 758 videtur
592 694 698 758 irrisui
724 688 757 756 et
773 696 963 774 contemptui
984 696 1096 777 fuisse,
1121 700 1189 764 fere
1214 707 1249 764 nt

117 796 245 862 Graecis
267 797 407 874 Abdera,
433 795 525 860 nobis
552 793 694 873 Schilda,
721 793 973 876 Schiippenstlttlt
998 800 1065 861 siva
1082 797 1247 866 Polluwitz.

117 897 154 960 ld
171 897 285 980 colligo
304 919 321 960 c
337 897 409 960 loeo
428 895 571 962 Suetonii
588 894 696 960 Tiber.
714 900 766 961 ⁷5.
808 895 891 962 Nam
917 917 1009 978 quum
1035 897 1157 966 Tiberii
1182 924 1250 967 cor·

18 1040 22 1057 .
115 1022 172 1080 pus
190 1023 210 1062 a
226 998 363 1064 Miseno.
377 1000 510 1064 moveriv
525 1001 691 1080 coepisset,
718 996 883 1088 plerosque
899 1007 1006 1065 amat
1023 1000 1250 1068 conclamasse:

116 1102 250 1186 Atellam
266 1103 370 1182 potius
389 1101 591 1164 deferendum
609 1102 689 1164 etin
706 1099 943 1180 Amphitheatro
964 1101 1251 1170 semiustulanrlnm.

115 1204 167 1268 Ad
184 1202 274 1284 quem
299 1201 403 1268 locum
428 1212 514 1269 recte
533 1202 684 1266 Gruterus
711 1209 744 1267 et
762 1199 964 1268 Casaubonus
991 1205 1251 1286 animadvertunt,

117 1305 269 1385 triplicem
285 1303 336 1368 hic
353 1306 557 1390 ignominiam
573 1325 660 1385 esse,
676 1305 819 1383 primam,
844 1304 925 1384 qooul
941 1291 1083 1386 Atellae,
1109 1303 1252 1388 alteram,

119 1408 201 1488 quoul
215 1409 248 1472 in
266 1404 521 1487 Amphitheatro,
548 1404 602 1470 uhi
620 1413 727 1470 sontes
744 1402 902 1482 solebant,
928 1407 1066 1486 tertiam,
1092 1409 1173 1489 quod
1190 1431 1253 1486 nen

118 1512 264 1586 cremari,
282 1509 338 1572 sed
356 1506 566 1572 semiustulari
582 1504 741 1570 volabant.

201 1644 270 1707 Iam
286 1642 453 1708 Macoum
479 1643 594 1706 diserte
612 1640 729 1706 Oscam
754 1661 918 1721 perronam
943 1643 1019 1706 dicit
1034 1641 1204 1710 Diomedes
1221 1647 1254 1711 ll

119 1771 149 1828 p.
168 1747 307 1830 48782),
334 1748 419 1808 cuius
446 1743 608 1808 character
633 1745 762 1827 insignis
789 1749 857 1808 erat
882 1743 1026 1808 fatuitate
1052 1753 1086 1810 et
1110 1745 1254 1828 stultitia,

121 1870 211 1930 qoam
228 1868 342 1912 nomen
358 1849 421 1912 iarn
437 1847 568 1918 indicat3
586 1867 660 1910 nam
676 1845 757 1924 apud
771 1843 908 1909 Graecos
927 1849 1022 1910 etiam
1034 1849 1257 1928 manoncour

120 1950 263 2028 stultum,
281 1950 402 2014 fatuum
419 1969 488 2011 esse
505 1947 664 2032 designat,
691 1951 724 2008 et
740 1943 871 2010 Μακκώ
889 1969 1002 2012 nomen
1020 1951 1175 2030 proprium
1192 1959 1258 2016 sto·

119 2051 205 2116 lidae
230 2050 369 2114 mulieris
396 2050 534 2132 erat⁸³).
577 2045 771 2112 Excelluisse
788 2053 953 2126 praeterea
969 2050 1091 2114 violetur
1108 2052 1187 2114 mira
1202 2074 1258 2115 vo-

121 2157 271 2233 racitate,
288 2151 369 2231 quod
387 2143 500 2234 colligo
519 2171 536 2214 e
553 2149 735 2234 fragmentis
752 2146 916 2229 Pomponii
932 2147 1044 2215 Macco
1061 2150 1162 2217 milite
1178 2154 1258 2234 apuel

123 2254 246 2320 Charis.
264 2253 281 2316 l
300 2276 330 2334 p.
347 2257 403 2314 99:

336 2375 398 2414 eom
417 2355 619 2416 eontuhemalc
638 2371 693 2430 ego
711 2354 848 2430 pugnavi,
867 2351 942 2430 quod
959 2371 1049 2414 meam

286 2509 291 2522 .
335 2475 453 2516 coenam
470 2489 513 2503 -
529 2490 570 2500 -

125 2568 157 2626 et
173 2558 256 2640 apud
274 2554 363 2620 eund.
381 2553 443 2634 lp.
464 2557 538 2616 101:

126 2699 129 2708 .
502 2676 566 2716 nam
585 2656 736 2716 cibaria-si
753 2657 845 2718 vicem

335 2761 453 2822 duorum
470 2759 560 2820 solum
577 2777 621 2818 me
640 2777 769 2818 comesse
788 2756 936 2820 coudecet.

124 2865 256 2930 Ridetnr
272 2882 365 2942 porro
383 2863 449 2923 eius
474 2858 631 2922 rusticitas
650 2863 682 2920 et
697 2859 877 2920 invenustus
895 2860 1032 2939 corporis
1050 2860 1188 2944 habitus,
1213 2869 1260 2930 in·

127 2987 232 3032 cesam
258 2960 435 3048 negligens,
466 2959 670 3041 improvidus,
700 2957 866 3036 vacillans,
891 2980 957 3044 *quo
983 2982 1078 3044 saepe
1103 2986 1167 3030 non
1192 2968 1260 3032 sine

127 3162 337 3194 -r---

197 3292 242 3352 80)
259 3289 472 3349 Fortecsmpar
490 3285 581 3346 dieis,
599 3284 772 3346 inungeris,
790 3286 947 3346 spudl’leut.
966 3287 1042 3334 Troe.
1056 3287 1088 3348 V,
1107 3289 1138 3334 50
1155 3301 1207 3337 non
1224 3290 1261 3340 ip,

129 3358 370 3421 explicandnmert,
388 3356 520 3403 utrolent:
538 3352 601 3402 uicis
614 3365 729 3414 campas,
748 3367 851 3414 erucas,
867 3354 922 3402 ie.
935 3367 977 3402 rea
990 3355 1140 3420 vilissimae,
1159 3359 1261 3406 rennu-

130 3445 176 3493 gaa
186 3429 248 3476 ulcis
257 3430 287 3474 ut
296 3424 405 3484 campas
414 3423 467 3472 rive
477 3424 628 3482 Campanus.

198 3509 243 3576 81)
260 3509 364 3572 „Atella
376 3507 494 3570 oppidum
507 3509 632 3554 Oscorum
645 3503 736 3554 eratin
744 3472 881 3564 campania
889 3504 957 3552 inter
965 3507 1076 3566 capuam
1090 3509 1117 3554 et
1125 3509 1260 3570 Neapolin,

132 3583 204 3630 onina
214 3580 300 3627 Livius
310 3577 412 3637 saepius
420 3575 574 3624 mentionem
583 3573 654 3622 lacit.
686 3573 734 3620 Lil.
744 3571 908 3632 Gyraldurll,
927 3575 975 3620 ³2⁹
994 3576 1020 3622 c.
1034 3574 1110 3636 vulgo
1119 3576 1261 3626 existimari

132 3650 180 3712 sit,
197 3651 285 3696 urbem
293 3645 328 3693 ihi
337 3646 412 3692 eitam
422 3657 486 3704 erre,
504 3657 554 3702 qno
563 3655 630 3690 nunc
640 3641 762 3688 Averna“.
773 3640 850 3688 Stlev.
859 3655 884 3700 p.
895 3642 934 3689 53.

198 3733 243 3792 82)
259 3733 307 3793 „ln
314 3729 431 3777 Atellano
441 3729 666 3788 anacperronae‚
685 3725 853 3772 utltlaceua“.

198 3815 244 3880 83)
262 3814 390 3875 arratum.
399 3812 484 3872 Equit.
494 3813 538 3859 62:

450 3890 508 3947 ὅδ’
526 3889 609 3946 αὐτὸν
625 3889 658 3950 ele
675 3889 728 3961 ὁρᾷ
742 3888 948 3958 pompeiam

132 3985 377 4036 ¹⁰¹·1'0111110n0m·
389 3985 448 4042 ¹¹2²
465 3981 544 4051 759⁰*
550 3978 672 4040 mvelt·
706 3978 963 4039 Appuleiapologm
984 3993 1007 4039 p.
1022 3982 1072 4028 525
1083 3981 1122 4029 erl.
1136 3982 1262 4032 almeon:

135 4067 242 4117 „omnes
251 4053 307 4114 icti,
325 4066 388 4111 qnos
404 4050 534 4100 nominavi
547 4050 604 4097 atel
617 4047 660 4108 qui
669 4051 800 4107 praeterea
809 4047 979 4096 ineruntdolo
987 4050 1165 4109 memorandi,
1174 4051 1196 4095 al
1205 4061 1263 4096 cum

132 4125 243 4171 hacona
251 4121 306 4168 Ruti
315 4121 418 4168 fallacia
425 4113 624 4178 contendantur,
637 4115 833 4176 Maeoiprorrur
843 4117 868 4161 et
876 4115 1007 4164 Bucconer
1015 4117 1193 4164 videbuntur&
1209 4117 1262 4163 llo·

134 4192 173 4240 uie
191 4191 268 4240 etism
284 4189 344 4238 ltsli
360 4188 458 4236 fatuam
475 4190 501 4235 et
517 4187 624 4246 stultum
640 4184 767 4234 huminem
782 4184 864 4232 Metto
881 4182 934 4232 eive
950 4183 1086 4258 Manassis
1099 4183 1198 4243 dicaam
1216 4195 1263 4232 noa

134 4260 215 4308 Mota.
