2844 4950
708 264 757 335 28

628 362 837 374 -a—-a--nd

70 497 73 504 '
166 485 364 570 expleudum.
406 483 490 552 Num
506 487 654 552 exodium
670 485 750 552 illud
765 486 926 567 Atellana,
946 510 986 554 an
1004 477 1134 569 Mimas,
1147 513 1193 556 an
1209 494 1302 556 iuve-
1402 531 1403 568 2

154 609 239 678 'num
254 591 364 652 iocosa
380 588 541 654 altercatio
559 590 664 668 fuerit,
680 609 736 669 pro
754 598 839 654 certo
857 589 961 653 dicere
979 613 1043 656 nou
1060 613 1195 672 possum.
1237 595 1303 656 Fu·
1402 585 1403 626 l

142 691 212 774 .git
234 689 365 772 denique
387 689 554 770 Stievium,
580 686 730 768 Novium,
756 688 974 755 Atellanarum
999 694 1197 774 scriptorem,
1222 695 1303 758 Ex·
1345 691 1349 698 ’

167 791 287 856 odium
304 793 530 872 composuisse,
558 791 640 872 quod
666 794 825 873 quinquies
848 795 924 857 citat
940 791 1071 858 Nonius.
1115 795 1226 860 Sticvii
1243 817 1303 859 vo-

167 894 211 958 cis
229 894 401 958 exodium
418 891 672 972 explicationem,
690 916 750 973 qua
768 894 895 959 denotat
911 896 1012 959 facete
1031 895 1155 976 aliquod
1173 897 1303 975 dictum,

165 993 301 1060 fabulae.
318 992 408 1060 titulo
433 1017 541 1074 pennu
566 1002 672 1075 aptam
697 1015 781 1073 esse,
805 999 1000 1076 perspicuum
1018 1005 1080 1075 est,
1106 1019 1206 1078 neque
1224 1005 1304 1078 puto
1402 1039 1403 1066 l

165 1094 303 1160 fabulam
319 1094 495 1176 Atellanam
512 1097 624 1176 luisse,
651 1098 708 1160 sed
725 1099 849 1177 opinor,
872 1095 1006 1162 Novium
1023 1097 1082 1162 hoo
1099 1120 1156 1162 suo
1174 1100 1304 1163 Exodio
1402 1079 1403 1128 l

167 1198 394 1262 controversias
421 1206 453 1262 et
479 1197 698 1262 altercationes
723 1197 796 1263 illas
821 1201 966 1265 iuvenmu
989 1199 1161 1265 ludentium
1184 1203 1305 1266 imitari
1402 1189 1403 1238 l

167 1305 313 1362 conatum
329 1320 414 1380 esse,
440 1307 476 1363 ut
492 1299 586 1364 simili
601 1301 669 1366 fere
690 1302 783 1364 modo
801 1300 986 1382 Pomponius
997 1357 1001 1366 .
1012 1303 1044 1364 in
1062 1301 1182 1379 Satira,
1208 1323 1303 1384 quam
1402 1301 1403 1304 '

166 1400 346 1479 scripserat,
365 1410 501 1467 veterem
517 1401 604 1467 illam
621 1401 794 1466 Satirarum
815 1405 949 1483 speeiem
970 1405 1109 1468 imitatus
1127 1405 1196 1468 esse
1212 1405 1304 1468 vide·
1402 1401 1403 1422 ¹

166 1506 225 1564 tur.
271 1500 444 1569 Constabat
460 1507 555 1589 igitur
570 1505 631 1569 boc
647 1503 826 1570 Novianum
833 1505 990 1568 Exodium
1006 1507 1122 1569 iocosis
1141 1513 1173 1569 et
1190 1504 1304 1570 obsce·
1402 1573 1403 1586 χ

63 1663 70 1690 ,
165 1603 215 1666 nis
232 1605 442 1686 sermonibus,
468 1607 577 1687 quibus
594 1609 661 1668 sine
679 1605 806 1668 fabulae
824 1608 981 1671 cuiusdam
1002 1615 1184 1692 argurneuto
1203 1610 1303 1672 inter·
1402 1601 1403 1606 ’

166 1703 325 1802 locutores
342 1715 533 1790 spectatores
551 1705 767 1769 delectarunt.-

207 1851 210 1856 ι
252 1807 355 1882 Quum
372 1807 584 1872 Atellanarum
600 1809 773 1888 proprietas
789 1811 822 1870 iu
840 1807 931 1872 Oscis
947 1813 1089 1888 personis
1105 1813 1305 1891 potissimum
1402 1809 1403 1848 ³

167 1909 345 1988 quaerenda
361 1910 419 1988 sit,
437 1915 576 1972 nostrum
593 1906 765 1989 est,‚paulo
781 1908 931 1990 prolixius
949 1909 988 1973 de
1005 1909 1054 1973 his
1072 1930 1177 1994 agere.
1204 1910 1303 1975 Com-

166 2017 377 2074 memorantur
394 2012 532 2089 inprimis
550 2011 624 2074 hae:
651 2009 815 2090 Maccus,
837 2009 974 2091 Bucco,
991 2010 1134 2092 Pappus
1153 2018 1186 2074 et
1201 2010 1303 2076 Dos·

168 2116 371 2191 sennus75).
416 2110 564 2174 Oscisiis
581 2118 793 2190 nomencrat,
812 2113 883 2192 quia
901 2135 918 2177 e
936 2111 1123 2192 Campania,
1145 2111 1302 2177 Oscorum

166 2211 421 2292 sive'Opicorum
436 2215 526 2295 sede,
552 2215 703 2294 petendae
719 2222 806 2294 sunt,
832 2212 925 2276 simili
940 2215 1050 2294 modo,
1077 2235 1137 2295 quo
1163 2217 1196 2277 in
1213 2235 1297 2277 nova

167 2311 319 2378 Italorum
336 2319 498 2382 comoedia
514 2316 688 2382 Pautalone
705 2315 862 2396 Venetus,
887 2315 1054 2382 Arlechino
1081 2323 1113 2379 et
1137 2314 1299 2400 Brigbella

166 2413 409 2500 Bergamenses‚
421 2418 562 2492 ,Dottore
578 2418 786 2504 Bononiensis
803 2416 975 2505 finguntur,
999 2421 1109 2499 quippe
1128 2438 1220 2497 quum
1237 2417 1301 2481 bae

167 2517 258 2582 urbes
284 2518 391 2584 talium
416 2543 617 2602 personarum
640 2524 707 2584 fere
732 2524 851 2600 patriae
877 2521 1062 2584 habeantur.
1106 2519 1205 2582 Erant
1222 2518 1300 2583 Osci

168 2621 249 2700 apud
267 2628 388 2686 veteres
406 2621 489 2686 male
507 2626 573 2686 uoti
591 2621 632 2684 ob
648 2621 938 2702 impudicitiamll),
956 2621 1060 2699 itaque
1069 2617 1218 2685 Romanis
1227 2641 1302 2684 con·

167 2725 297 2802 temptui
313 2727 477 2809 crantor),
504 2731 536 2789 et
553 2723 682 2804 Opicam
700 2729 826 2807 gentem
850 2729 960 2802 postea
975 2723 1058 2786 inter
1074 2721 1232 2786 Romanos
1249 2745 1300 2786 re·
1402 2805 1403 2818 χ

169 2832 291 2905 ceptam
308 2825 442 2891 barbara
466 2815 527 2890 sua'
540 2825 647 2910 lingua
666 2825 858 2904 dissonisque
875 2823 1011 2886 moribus
1028 2822 1125 2886 multa
1142 2825 1182 2888 de
1197 2826 1301 2905 prisca
1402 2821 1403 2900 f

167 2925 224 2990 illa
241 2934 274 2990 et
288 2927 451 3018 praeclara
458 2927 646 3008 reipublicae
656 2925 817 3006 disciplina
833 2926 867 2988 in
882 2925 969 3004 peius
986 2927 1168 3006 innovasse,
1191 2929 1311 2992 verisi-.

167 3029 241 3092 mile
265 3037 355 3110 putat
371 3029 505 3114 Dionys.
523 3029 627 3094 Hnlic.
649 3028 775 3109 Antiqu.
794 3027 810 3090 Ι
839 3051 866 3091 c.
886 3030 995 3103 89²⁸).
1040 3026 1170 3092 Praetor
1192 3028 1309 3092 obsce.
1402 3039 1403 3050 ¹

168 3133 299 3196 nitatem
317 3132 394 3198 Osci
410 3131 599 3198 scurrilitate
615 3134 709 3196 etiam
729 3132 866 3213 insignes
884 3129 1016 3209 ideoque
1032 3126 1179 3193 Romanis
1198 3132 1301 3194 brisui

170 3242 272 3307 erant3
291 3236 371 3298 unde
388 3234 502 3300 Horat.
521 3233 587 3298 Sat.
605 3232 632 3313 l,
651 3237 680 3313 5,
699 3211 746 3298 52¹
778 3229 943 3296 ‘Messium
964 3251 1102 3297 scurram
1119 3230 1234 3294 Oscum
1245 3230 1312 3302 ‚fa·.

170 3337 226 3415 cit,
244 3357 307 3400 uon
323 3343 357 3400 ut
373 3339 558 3418 interpretes
575 3335 759 3415 voluntw),
788 3335 858 3414 qnia
883 3340 1005 3398 veteres
1023 3330 1097 3398 Itali
1122 3339 1154 3395 et
1171 3330 1247 3394 Osci
1265 3340 1301 3396 et

238 3594 281 3654 75)
299 3595 337 3642 De
346 3595 436 3658 sagari
445 3609 568 3656 persona,
587 3609 661 3654 quam
670 3593 763 3654 Scalig.
773 3593 804 3640 ad
813 3593 885 3640 Vnst.
895 3593 925 3638 de
933 3592 963 3640 L.
972 3592 999 3638 L.
1009 3592 1043 3636 Vl
1063 3605 1087 3650 p.
1096 3593 1128 3636 99
1138 3589 1176 3636 ed.
1185 3589 1239 3647 Bip.
1247 3589 1298 3636 Ad-

169 3663 223 3710 not.
232 3677 256 3722 p.
266 3665 315 3710 ²37
323 3676 378 3722 sqq.
412 3664 600 3720 ostentmst,
618 3662 683 3710 nihil
692 3661 760 3722 apud
768 3663 866 3710 veteres
874 3659 972 3719 inveni3
992 3659 1025 3706 cf.
1033 3657 1110 3706 Stiev.
1118 3658 1137 3706 l.
1147 3672 1168 3706 c.
1182 3671 1206 3717 p.
1216 3660 1257 3706 66.

179 3754 187 3771 ·
238 3745 283 3808 to)
301 3749 370 3796 Fert.
380 3763 403 3796 v.
414 3751 490 3796 Once:
507 3761 543 3810 „a
552 3763 601 3808 quo
611 3762 645 3796 ac.
655 3749 734 3796 verbo
746 3748 854 3793 Oscum
864 3759 884 3792 e.
894 3745 1035 3806 opicum,
1045 3743 1121 3791 etiam
1130 3745 1206 3791 verba
1215 3743 1298 3804 impu-

170 3814 255 3866 dentia
264 3818 289 3862 et
298 3817 365 3863 elata
374 3817 536 3878 appellantur
544 3820 692 3877 obscena,
704 3813 990 3874 quiafrequentissimue
1000 3812 1120 3860 initurus
1131 3812 1205 3860 Oscis
1213 3811 1298 3860 libidi-

169 3883 416 3944 uumepurcarum“.

237 3970 281 4030 rt)
298 3969 652 4033 Plin.ffics.nat.xx1x,rr.

237 4057 281 4112 78)
298 4056 388 4102 Manno
397 4053 595 4118 Abbandlnngcn
608 4069 631 4114 p.
641 4054 698 4100 223.

238 4136 280 4200 to)
297 4139 423 4188 Wieland.
433 4141 561 4189 ediderat.
572 4143 625 4189 Set.
634 4138 651 4186 l.
661 4151 698 4187 c:
716 4137 772 4183 Der
782 4136 876 4184 Sedere
890 4137 933 4184 son
942 4151 998 4183 zum
1007 4137 1106 4184 Bewes's
1118 4139 1198 4184 scices
1211 4131 1298 4179 Alter-

172 4207 320 4254 tlaumssam
331 4207 418 4255 Orcier
430 4223 463 4256 zu
472 4208 590 4270 macheu,
607 4207 676 4268 gicht
688 4221 719 4252 zu
733 4204 878 4267 concedar,
897 4205 1178 4266 daeaerdaageroerea,
1197 4202 1300 4250 acaadie

171 4275 263 4323 aaran
271 4278 343 4324 einen
353 4275 504 4325 Erdemolm
514 4273 620 4340 (Terrae
629 4275 719 4335 fllium)
728 4287 832 4327 aconem
