2844 4950
734 301 783 372 52

651 399 858 412 m

189 523 358 592 ”amodes
383 524 423 590 ab
450 523 629 594 auctoribus
643 531 829 590 munctntns
846 543 931 603 csse,
957 523 1171 608 demonstrant
1187 521 1321 605 Pompo-

188 629 233 692 nii
250 624 369 692 Macci
385 625 522 710 gemini
537 627 683 708 priores
700 626 782 706 apud
799 615 921 690 Charis.
939 624 971 690 ll
996 649 1025 705 p.
1045 629 1112 692 187·
1123 625 1321 708 mundamque

188 725 344 809 Noviique
360 726 501 792 Praeco
517 729 708 808 posterior
724 728 804 808 apud
817 725 901 792 Non.

270 847 339 911 lam
356 869 436 910 nnnc
452 847 594 910 venimus
611 845 652 909 ad
668 843 885 910 difficillimam
912 848 1124 925 quaestionem
1145 845 1183 909 de
1200 843 1321 930 lingna,

188 971 247 1030 qun
271 953 305 1014 in
330 947 391 1012 illis
412 946 538 1012 ludicris
557 948 647 1012 Oscis
673 949 722 1012 nsi
743 950 807 1011 sint
833 955 965 1012 veteres.
987 945 1116 1014 Meam
1141 947 1180 1010 de
1204 944 1264 1011 hac
1284 969 1320 1013 re

185 1051 375 1116 sententiam
392 1052 497 1130 paucis
515 1049 609 1114 annui
625 1051 659 1114 in
675 1047 784 1114 libello
803 1048 842 1113 de
858 1049 899 1114 L.
918 1047 1092 1129 Pomponio
1108 1071 1140 1131 p.
1158 1054 1215 1128 21,
1241 1059 1320 1128 not,

186 1161 290 1216 tamen
308 1173 371 1217 non
388 1151 443 1216 abs
460 1151 495 1215 r'a
511 1152 579 1216 fore
595 1158 683 1233 puto,
701 1152 833 1217 eandem
850 1168 916 1214 rem
934 1149 1086 1230 prolixius
1103 1149 1163 1214 hoc
1180 1148 1250 1216 loco
1268 1173 1320 1215 re·

185 1260 330 1319 tractare.
374 1252 442 1317 Iam
457 1256 588 1334 primum
605 1256 744 1318 oninium
760 1252 873 1324 lectori
890 1254 1055 1317 Strabonis
1071 1250 1184 1332 locum,
1203 1254 1254 1332 qni
1271 1261 1320 1316 to-

186 1363 251 1418 tam
268 1352 356 1418 litem
372 1357 479 1433 movit,
497 1377 714 1436 proponamus.
758 1353 847 1420 Haec
864 1357 945 1419 enim
964 1357 1031 1418 cius
1048 1352 1144 1420 verba
1160 1361 1232 1418 sont
1248 1353 1319 1419 libr.

185 1454 229 1536 V,
247 1460 281 1518 6:
312 1457 418 1534 „idm
444 1457 480 1522 δέ
504 1480 537 1522 τι
562 1467 631 1534 τοῖς
653 1451 782 1532 ’Όσκοις
807 1457 864 1522 καὶ
890 1458 936 1538 τῷ
961 1459 1027 1520 τῶν
1045 1451 1208 1520 Αὐσόνων
1226 1456 1319 1522 ἔθνει

184 1559 386 1642 συμβέβηκε·
413 1561 478 1623 τῶν
502 1558 561 1641 μὲν
586 1551 652 1643 ydp
673 1554 798 1623 ’Όσκννν
824 1554 1070 1634 ἐκλελοιπότων,
1101 1552 1120 1636 ἡ
1148 1553 1319 1635 διάλεκτος

72 1719 75 1733 ,
182 1667 270 1742 μένει
287 1653 376 1748 παρὰ
394 1669 464 1736 τοῖς
478 1657 663 1742 Ῥωμαίοις·
682 1651 767 1724 ὥστε
783 1655 948 1741 ποιήματα
959 1659 1244 1743 σκηνοβνιτςῖσθιιι
1259 1682 1318 1724 κνι-
1413 1667 1414 1732 l

183 1758 227 1827 τά
245 1785 321 1826 τινα
346 1757 463 1842 ἀγῶνα
480 1758 618 1848 πάτριον
643 1761 701 1826 καὶ
717 1761 981 1844 μιμολογεῖσθνν.
1023 1757 1195 1825 Contendit
1219 1763 1315 1846 igitur
1413 1801 1414 1830 r

182 1861 314 1940 Strabo,
342 1860 497 1925 Oscorum
523 1860 706 1942 dialectum,
736 1860 813 1928 licet
839 1861 915 1926 Osci
945 1863 1005 1942 ipsi
1034 1863 1097 1925 iam
1123 1865 1317 1942 evanuerint,

181 1963 262 2042 apud
279 1961 437 2028 Romanos
462 1985 590 2028 manere
607 1967 703 2028 etiam
719 1966 752 2028 in
768 1962 978 2043 poematibus,
1001 1964 1129 2042 quaein
1147 1966 1314 2028 certamine

182 2064 316 2143 quodam
340 2066 441 2144 patrio
467 2067 499 2128 in
518 2087 613 2130 scena
633 2066 771 2146 oprimis
789 2071 932 2148 aguntur.
977 2060 1172 2146 Quamquam
1188 2087 1252 2130 non
1270 2067 1317 2130 di·

181 2171 264 2228 serta
281 2163 420 2228 fabulam
437 2164 619 2230 Atellanam
636 2166 792 2245 numiam,
818 2172 922 2230 tamen
948 2185 1056 2230 omncs
1081 2167 1265 2246 interpretes
1284 2177 1317 2233 et

147 2329 150 2335 .
179 2276 265 2332 recte
293 2266 417 2347 quidem
441 2268 482 2330 ad
507 2265 567 2332 boc
592 2266 736 2332 ludorum
760 2287 859 2352 genus
884 2267 1000 2332 dictum
1016 2267 1170 2346 referunt,
1190 2274 1256 2334 tum
1273 2268 1315 2333 ob

181 2366 299 2433 Oscam
314 2365 531 2434 Atellanarum
549 2372 716 2456 originem,
734 2377 801 2434 tum
818 2371 890 2450 quia
906 2364 1022 2449 ἀγῶνα
1039 2364 1177 2457 πάτριον
1196 2391 1250 2434 eas
1268 2371 1316 2436 di·
1340 2447 1345 2452 ,

180 2478 244 2550 cat,
263 2493 357 2552 quum
374 2469 428 2535 alii
445 2469 540 2536 eliam
557 2475 725 2552 scriptores
743 2470 906 2536 Atellanas
922 2478 1070 2553 tanquam
1078 2471 1208 2537 Latinas
1224 2472 1316 2536 labu-

178 2571 228 2635 las
247 2593 266 2634 a
283 2573 413 2636 Graecis
430 2573 608 2638 discernant
620 2576 704 2656 1⁶4).
728 2571 779 2636 De
796 2594 853 2636 suo
871 2580 1009 2652 tempore
1026 2571 1213 2637 Strabonem
1229 2572 1315 2656 loqui

180 2679 320 2752 apertum
345 2681 429 2752 este
446 2675 543 2738 verbo
559 2680 659 2757 μένει,
687 2694 705 2736 e
731 2695 792 2754 quo
813 2684 923 2740 *tamen
950 2673 1056 2759 colligi
1082 2676 1177 2739 etiam
1198 2682 1313 2756 potest,

177 2776 243 2837 iam
260 2782 354 2839 antea
369 2773 532 2840 Atellanos
550 2775 636 2840 Osca
660 2774 794 2840 dialecto
811 2798 885 2842 ursos
903 2796 982 2840 esse.
1027 2773 1144 2840 Mirum
1160 2798 1235 2842 vero
1253 2785 1313 2860 est,

179 2878 334 2940 neminem
350 2877 535 2942 Latinorum
551 2880 734 2960 scriptorum
750 2877 840 2944 nobis
858 2879 897 2942 de
914 2877 974 2944 hoc
992 2876 1095 2944 Oscae
1114 2877 1239 2947 dialecti
1255 2901 1313 2944 usu

179 2975 296 3059 aliquid
313 2963 490 3059 tradidisse,
516 2983 578 3044 imo
601 2982 841 3062 quotiescunque
859 2979 936 3044 Osci
951 2982 1104 3046 sermonis
1121 2983 1312 3046 mentionem

177 3080 311 3161 faciunt,
339 3082 378 3145 de
396 3103 433 3146 ec
451 3084 497 3146 sic
513 3081 694 3163 loquuntur,
720 3090 756 3146 ut
782 3090 944 3163 appareat,
971 3103 1041 3146 eum
1067 3102 1130 3146 non
1154 3090 1220 3148 tam
1246 3085 1313 3148 dia-

177 3181 293 3246 lectum
310 3185 375 3247 sive
392 3184 522 3263 idioma,
540 3193 573 3249 ut
589 3187 691 3263 aiunt,
708 3183 842 3248 Latinae
858 3183 996 3268 linguae,
1028 3204 1119 3262 quam
1136 3182 1274 3268 linguam
1292 3209 1312 3250 a

177 3281 294 3348 Latina
310 3285 465 3350 diversam
482 3286 589 3350 luisse.
634 3283 745 3349 Titinii
761 3307 869 3350 versus
887 3285 968 3365 apud
985 3283 1069 3348 Fest.
1081 3305 1161 3349 voca
1179 3283 1310 3352 Oscum:

347 3409 394 3488 qni
412 3407 485 3468 Osca
504 3420 533 3468 ct
550 3407 656 3467 Volsca
674 3407 845 3480 fabulantur,
864 3427 926 3466 nam
945 3405 1046 3466 Latine
1063 3408 1202 3481 nesciunt,

179 3542 270 3600 quem
287 3521 423 3588 Stiasius
437 3527 506 3609 165)
533 3523 592 3589 buc
618 3524 717 3603 ducit,
743 3521 821 3586 nihil
837 3523 966 3603 probat,
992 3530 1058 3586 tum
1084 3524 1156 3604 quia
1182 3524 1311 3590 demon-

178 3625 270 3686 strari
286 3628 407 3707 nequit,
424 3647 494 3690 enm
511 3625 551 3691 nd
569 3624 741 3692 eludendos
748 3623 928 3705 Atellanos,
945 3630 980 3687 ut
996 3622 1078 3706 vult,
1097 3623 1210 3690 dictum
1228 3647 1309 3706 asse,

177 3819 387 3836 Ἠ

245 3931 307 4000 164)
325 3936 440 3985 Diomed.
456 3938 499 3996 111,
516 3938 577 3986 4³7:
594 3936 689 3998 „tertia
707 3936 804 3998 species
822 3936 861 3983 est
878 3933 1021 3982 tabularum
1033 3934 1193 3996 Latinarum,
1212 3947 1308 3994 quaes

175 3999 281 4132 {1:33
290 4005 416 4120 gausum
423 4004 519 4066 Atella,
538 4005 565 4052 in
574 4005 740 4066 quaprimum
749 4006 863 4065 coeptae,
877 4003 1197 4056 transportaneorum
1213 4004 1308 4051 Maon.

245 4170 305 4234 165)
321 4175 349 4222 1.
359 4188 381 4224 c.
390 4189 414 4236 p.
424 4178 467 4224 tt:
486 4175 554 4238 „huc
564 4175 641 4225 etiam
650 4175 708 4223 duci
717 4178 802 4242 potest
810 4187 898 4224 versus
904 4172 992 4224 Titinii
998 4173 1066 4234 aput
1074 4173 1186 4234 Festum,
1195 4173 1307 4222 lamma

176 4242 213 4358 a
215 4242 494 4362 glxgcersffltefcllsncs
503 4243 626 4308 scriptus,
643 4257 694 4306 quo
703 4246 769 4292 osce
778 4247 805 4294 et
812 4243 905 4292 volsce
914 4255 959 4292 cus
967 4241 1077 4294 tabulari
1086 4240 1159 4304 dicit,
1178 4241 1245 4300 qood
1252 4241 1307 4290 tn-
