<?xml version="1.0" encoding="UTF-8"?>
<!DOCTYPE html PUBLIC "-//W3C//DTD XHTML 1.0 Transitional//EN"
    "http://www.w3.org/TR/xhtml1/DTD/xhtml1-transitional.dtd">
<html xmlns="http://www.w3.org/1999/xhtml" xml:lang="en" lang="en">
 <head>
  <title>
</title>
<meta http-equiv="Content-Type" content="text/html;charset=utf-8" />
  <meta name='ocr-system' content='tesseract 3.04.00' />
  <meta name='ocr-capabilities' content='ocr_page ocr_carea ocr_par ocr_line ocrx_word'/>
</head>
<body>
  <div class='ocr_page' id='page_1' title='image "./defabulisatella00munkgoog_0040.png"; bbox 0 0 2844 4950; ppageno 0'>
   <div class='ocr_carea' id='block_1_1' title="bbox 559 265 705 338">
    <p class='ocr_par' dir='ltr' id='par_1_1' title="bbox 559 265 705 338">
     <span class='ocr_line' id='line_1_1' title="bbox 559 265 705 338; baseline 0 0"><span class='ocrx_word' id='word_1_1' title='bbox 559 265 562 278; x_wconf 87' lang='lat'>&#39;</span> <span class='ocrx_word' id='word_1_2' title='bbox 656 267 705 338; x_wconf 78' lang='lat'><strong>25</strong></span> 
     </span>
    </p>
   </div>
   <div class='ocr_carea' id='block_1_2' title="bbox 104 485 1257 1592">
    <p class='ocr_par' dir='ltr' id='par_1_2' title="bbox 110 485 1245 760">
     <span class='ocr_line' id='line_1_2' title="bbox 110 485 1245 574; baseline -0.006 -15"><span class='ocrx_word' id='word_1_3' title='bbox 110 492 290 559; x_wconf 79' lang='lat' dir='ltr'><strong>Atellanam</strong></span> <span class='ocrx_word' id='word_1_4' title='bbox 306 495 352 560; x_wconf 82' lang='lat' dir='ltr'><strong>ite</strong></span> <span class='ocrx_word' id='word_1_5' title='bbox 369 489 518 574; x_wconf 76' lang='lat' dir='ltr'>explicet,</span> <span class='ocrx_word' id='word_1_6' title='bbox 544 498 580 556; x_wconf 87' lang='lat' dir='ltr'><strong>ut</strong></span> <span class='ocrx_word' id='word_1_7' title='bbox 601 491 698 571; x_wconf 83' lang='lat' dir='ltr'><strong>dicut,</strong></span> <span class='ocrx_word' id='word_1_8' title='bbox 725 512 794 570; x_wconf 82' lang='lat' dir='ltr'><strong>eum</strong></span> <span class='ocrx_word' id='word_1_9' title='bbox 813 509 882 554; x_wconf 86' lang='lat' dir='ltr'><strong>esse</strong></span> <span class='ocrx_word' id='word_1_10' title='bbox 900 487 964 554; x_wconf 72' lang='lat' dir='ltr'><strong>scic</strong></span> <span class='ocrx_word' id='word_1_11' title='bbox 981 489 1159 570; x_wconf 62' lang='lat' dir='ltr'><strong>scrupeus</strong></span> <span class='ocrx_word' id='word_1_12' title='bbox 1177 485 1245 566; x_wconf 73' lang='grc' dir='ltr'><strong>ἑξο-</strong></span> 
     </span>
     <span class='ocr_line' id='line_1_3' title="bbox 112 591 1245 683; baseline -0.008 -22"><span class='ocrx_word' id='word_1_13' title='bbox 112 598 246 683; x_wconf 78' lang='grc' dir='ltr'><em>ὃιαρίων</em></span> <span class='ocrx_word' id='word_1_14' title='bbox 272 598 294 658; x_wconf 86' lang='lat' dir='ltr'><strong>i.</strong></span> <span class='ocrx_word' id='word_1_15' title='bbox 314 617 341 661; x_wconf 89' lang='lat' dir='ltr'><strong>e.</strong></span> <span class='ocrx_word' id='word_1_16' title='bbox 359 615 465 658; x_wconf 87' lang='lat' dir='ltr'><strong>eurum</strong></span> <span class='ocrx_word' id='word_1_17' title='bbox 482 613 672 671; x_wconf 80' lang='lat' dir='ltr'><strong>scurrarum,</strong></span> <span class='ocrx_word' id='word_1_18' title='bbox 699 596 752 673; x_wconf 86' lang='lat' dir='ltr'><strong>qui</strong></span> <span class='ocrx_word' id='word_1_19' title='bbox 776 613 833 656; x_wconf 88' lang='lat' dir='ltr'><strong>suc</strong></span> <span class='ocrx_word' id='word_1_20' title='bbox 860 598 999 672; x_wconf 81' lang='lat' dir='ltr'><strong>ternpore</strong></span> <span class='ocrx_word' id='word_1_21' title='bbox 1018 591 1173 656; x_wconf 78' lang='lat' dir='ltr'><strong>euedisrii</strong></span> <span class='ocrx_word' id='word_1_22' title='bbox 1189 610 1245 654; x_wconf 88' lang='lat' dir='ltr'><strong>vo-</strong></span> 
     </span>
     <span class='ocr_line' id='line_1_4' title="bbox 113 699 266 760; baseline -0.007 0"><span class='ocrx_word' id='word_1_23' title='bbox 113 699 174 760; x_wconf 79' lang='lat' dir='ltr'><strong>cati</strong></span> <span class='ocrx_word' id='word_1_24' title='bbox 192 700 266 760; x_wconf 86' lang='lat' dir='ltr'><strong>sint.</strong></span> 
     </span>
    </p>

    <p class='ocr_par' dir='ltr' id='par_1_3' title="bbox 104 792 1257 1592">
     <span class='ocr_line' id='line_1_5' title="bbox 197 792 1245 892; baseline -0.004 -32"><span class='ocrx_word' id='word_1_25' title='bbox 197 796 265 860; x_wconf 87' lang='lat' dir='ltr'><strong>lum</strong></span> <span class='ocrx_word' id='word_1_26' title='bbox 292 798 580 892; x_wconf 32' lang='lat' dir='ltr'><strong>exodiaipsuxncn</strong></span> <span class='ocrx_word' id='word_1_27' title='bbox 605 795 744 880; x_wconf 79' lang='lat' dir='ltr'><strong>singulos</strong></span> <span class='ocrx_word' id='word_1_28' title='bbox 769 799 855 860; x_wconf 85' lang='lat' dir='ltr'><strong>iocus</strong></span> <span class='ocrx_word' id='word_1_29' title='bbox 881 803 913 860; x_wconf 90' lang='lat' dir='ltr'><strong>et</strong></span> <span class='ocrx_word' id='word_1_30' title='bbox 935 792 1018 858; x_wconf 84' lang='lat' dir='ltr'><strong>seles</strong></span> <span class='ocrx_word' id='word_1_31' title='bbox 1044 813 1128 871; x_wconf 85' lang='lat' dir='ltr'><strong>esse,</strong></span> <span class='ocrx_word' id='word_1_32' title='bbox 1154 813 1245 872; x_wconf 80' lang='lat' dir='ltr'><strong>spero</strong></span> 
     </span>
     <span class='ocr_line' id='line_1_6' title="bbox 104 893 1247 986; baseline -0.005 -24"><span class='ocrx_word' id='word_1_33' title='bbox 104 901 208 965; x_wconf 79' lang='lat' dir='ltr'><strong>ctiam</strong></span> <span class='ocrx_word' id='word_1_34' title='bbox 227 919 275 962; x_wconf 88' lang='lat' dir='ltr'><strong>me</strong></span> <span class='ocrx_word' id='word_1_35' title='bbox 292 899 403 962; x_wconf 83' lang='lat' dir='ltr'><strong>lectori</strong></span> <span class='ocrx_word' id='word_1_36' title='bbox 419 919 636 978; x_wconf 77' lang='lat' dir='ltr'><strong>persrmsurum</strong></span> <span class='ocrx_word' id='word_1_37' title='bbox 653 919 734 965; x_wconf 84' lang='lat' dir='ltr'><strong>esse.</strong></span> <span class='ocrx_word' id='word_1_38' title='bbox 777 897 925 986; x_wconf 76' lang='lat' dir='ltr'><strong>Primum</strong></span> <span class='ocrx_word' id='word_1_39' title='bbox 932 897 1015 961; x_wconf 88' lang='lat' dir='ltr'><strong>enirn</strong></span> <span class='ocrx_word' id='word_1_40' title='bbox 1033 893 1146 960; x_wconf 84' lang='lat' dir='ltr'><strong>Cicero</strong></span> <span class='ocrx_word' id='word_1_41' title='bbox 1164 894 1247 974; x_wconf 82' lang='lat' dir='ltr'><strong>epud</strong></span> 
     </span>
     <span class='ocr_line' id='line_1_7' title="bbox 112 995 1247 1079; baseline -0.004 -17"><span class='ocrx_word' id='word_1_42' title='bbox 112 999 256 1063; x_wconf 82' lang='lat' dir='ltr'><strong>Mecrcb.</strong></span> <span class='ocrx_word' id='word_1_43' title='bbox 284 999 351 1064; x_wconf 86' lang='lat' dir='ltr'><strong>Sat.</strong></span> <span class='ocrx_word' id='word_1_44' title='bbox 379 998 428 1079; x_wconf 94' lang='lat' dir='ltr'><strong>ll,</strong></span> <span class='ocrx_word' id='word_1_45' title='bbox 464 1004 480 1061; x_wconf 90' lang='lat'><strong>1</strong></span> <span class='ocrx_word' id='word_1_46' title='bbox 513 1001 602 1064; x_wconf 83' lang='lat' dir='ltr'><strong>testis</strong></span> <span class='ocrx_word' id='word_1_47' title='bbox 630 1007 692 1078; x_wconf 88' lang='lat' dir='ltr'><strong>est,</strong></span> <span class='ocrx_word' id='word_1_48' title='bbox 727 997 817 1078; x_wconf 83' lang='lat' dir='ltr'><strong>telin,</strong></span> <span class='ocrx_word' id='word_1_49' title='bbox 845 1001 923 1078; x_wconf 79' lang='lat' dir='ltr'><strong>quae</strong></span> <span class='ocrx_word' id='word_1_50' title='bbox 948 997 1082 1062; x_wconf 84' lang='lat' dir='ltr'><strong>Stievins</strong></span> <span class='ocrx_word' id='word_1_51' title='bbox 1109 995 1247 1061; x_wconf 71' lang='lat' dir='ltr'><strong>exodia</strong></span> 
     </span>
     <span class='ocr_line' id='line_1_8' title="bbox 112 1098 1245 1182; baseline -0.007 -18"><span class='ocrx_word' id='word_1_52' title='bbox 112 1110 218 1180; x_wconf 84' lang='lat' dir='ltr'><strong>vocet,</strong></span> <span class='ocrx_word' id='word_1_53' title='bbox 244 1103 327 1182; x_wconf 83' lang='lat' dir='ltr'><strong>apud</strong></span> <span class='ocrx_word' id='word_1_54' title='bbox 345 1109 468 1167; x_wconf 88' lang='lat' dir='ltr'><strong>veteres</strong></span> <span class='ocrx_word' id='word_1_55' title='bbox 494 1101 596 1166; x_wconf 82' lang='lat' dir='ltr'><strong>dictu·</strong></span> <span class='ocrx_word' id='word_1_56' title='bbox 617 1102 683 1164; x_wconf 89' lang='lat' dir='ltr'><strong>sive</strong></span> <span class='ocrx_word' id='word_1_57' title='bbox 709 1101 870 1166; x_wconf 85' lang='lat' dir='ltr'><strong>dicteria</strong></span> <span class='ocrx_word' id='word_1_58' title='bbox 895 1098 1053 1180; x_wconf 77' lang='lat' dir='ltr'><strong>appellata</strong></span> <span class='ocrx_word' id='word_1_59' title='bbox 1073 1115 1245 1176; x_wconf 49' lang='lat' dir='ltr'><strong>esse,1quc</strong></span> 
     </span>
     <span class='ocr_line' id='line_1_9' title="bbox 111 1187 1255 1280; baseline -0.004 -15"><span class='ocrx_word' id='word_1_60' title='bbox 111 1203 224 1280; x_wconf 87' lang='lat' dir='ltr'><strong>verbu,</strong></span> <span class='ocrx_word' id='word_1_61' title='bbox 242 1212 278 1266; x_wconf 90' lang='lat' dir='ltr'><strong>ut</strong></span> <span class='ocrx_word' id='word_1_62' title='bbox 295 1203 409 1268; x_wconf 80' lang='lat' dir='ltr'><strong>diserte</strong></span> <span class='ocrx_word' id='word_1_63' title='bbox 427 1202 517 1269; x_wconf 91' lang='lat' dir='ltr'><strong>docet</strong></span> <span class='ocrx_word' id='word_1_64' title='bbox 534 1201 677 1274; x_wconf 78' lang='lat' dir='ltr'><strong>Macrcb.</strong></span> <span class='ocrx_word' id='word_1_65' title='bbox 704 1187 814 1266; x_wconf 88' lang='lat' dir='ltr'><strong>ecdem</strong></span> <span class='ocrx_word' id='word_1_66' title='bbox 838 1201 927 1280; x_wconf 80' lang='lat' dir='ltr'><strong>loco,</strong></span> <span class='ocrx_word' id='word_1_67' title='bbox 938 1199 1154 1269; x_wconf 82' lang='lat' dir='ltr'><strong>Atellanarum</strong></span> <span class='ocrx_word' id='word_1_68' title='bbox 1171 1219 1255 1278; x_wconf 73' lang='lat' dir='ltr'><strong>poe,</strong></span> 
     </span>
     <span class='ocr_line' id='line_1_10' title="bbox 111 1300 1247 1388; baseline -0.002 -22"><span class='ocrx_word' id='word_1_69' title='bbox 111 1312 164 1368; x_wconf 87' lang='lat' dir='ltr'><strong>tae</strong></span> <span class='ocrx_word' id='word_1_70' title='bbox 183 1303 303 1368; x_wconf 79' lang='lat' dir='ltr'><strong>Novius</strong></span> <span class='ocrx_word' id='word_1_71' title='bbox 322 1311 354 1367; x_wconf 88' lang='lat' dir='ltr'><strong>et</strong></span> <span class='ocrx_word' id='word_1_72' title='bbox 371 1303 560 1384; x_wconf 78' lang='lat' dir='ltr'><strong>Pomponius</strong></span> <span class='ocrx_word' id='word_1_73' title='bbox 578 1325 640 1366; x_wconf 91' lang='lat' dir='ltr'><strong>non</strong></span> <span class='ocrx_word' id='word_1_74' title='bbox 657 1325 730 1368; x_wconf 82' lang='lat' dir='ltr'><strong>raro</strong></span> <span class='ocrx_word' id='word_1_75' title='bbox 748 1303 984 1388; x_wconf 74' lang='lat' dir='ltr'><strong>utebantrrr¹²)·</strong></span> <span class='ocrx_word' id='word_1_76' title='bbox 1015 1300 1135 1366; x_wconf 88' lang='lat' dir='ltr'><strong>Alludit</strong></span> <span class='ocrx_word' id='word_1_77' title='bbox 1152 1301 1247 1366; x_wconf 83' lang='lat' dir='ltr'><strong>etism</strong></span> 
     </span>
     <span class='ocr_line' id='line_1_11' title="bbox 112 1385 1257 1485; baseline -0.002 -15"><span class='ocrx_word' id='word_1_78' title='bbox 112 1407 155 1476; x_wconf 72' lang='lat' dir='ltr'><strong>ed,</strong></span> <span class='ocrx_word' id='word_1_79' title='bbox 168 1405 226 1470; x_wconf 90' lang='lat' dir='ltr'><strong>bos</strong></span> <span class='ocrx_word' id='word_1_80' title='bbox 243 1407 388 1471; x_wconf 87' lang='lat' dir='ltr'><strong>iuvenum</strong></span> <span class='ocrx_word' id='word_1_81' title='bbox 404 1408 504 1484; x_wconf 88' lang='lat' dir='ltr'><strong>iocos,</strong></span> <span class='ocrx_word' id='word_1_82' title='bbox 531 1427 607 1485; x_wconf 87' lang='lat' dir='ltr'><strong>quos</strong></span> <span class='ocrx_word' id='word_1_83' title='bbox 625 1385 739 1470; x_wconf 83' lang='lat' dir='ltr'><strong>exddie</strong></span> <span class='ocrx_word' id='word_1_84' title='bbox 755 1405 817 1468; x_wconf 90' lang='lat' dir='ltr'><strong>dici</strong></span> <span class='ocrx_word' id='word_1_85' title='bbox 833 1411 940 1470; x_wconf 87' lang='lat' dir='ltr'><strong>censet</strong></span> <span class='ocrx_word' id='word_1_86' title='bbox 957 1404 1103 1482; x_wconf 84' lang='lat' dir='ltr'><strong>Stievins,</strong></span> <span class='ocrx_word' id='word_1_87' title='bbox 1121 1400 1257 1475; x_wconf 64' lang='lat' dir='ltr'><strong>Quinc„</strong></span> 
     </span>
     <span class='ocr_line' id='line_1_12' title="bbox 112 1503 1255 1592; baseline -0.003 -20"><span class='ocrx_word' id='word_1_88' title='bbox 112 1505 176 1586; x_wconf 88' lang='lat' dir='ltr'><strong>Vl,</strong></span> <span class='ocrx_word' id='word_1_89' title='bbox 194 1512 229 1572; x_wconf 83' lang='lat'><strong>3:</strong></span> <span class='ocrx_word' id='word_1_90' title='bbox 259 1506 362 1588; x_wconf 89' lang='lat' dir='ltr'><strong>„nibil</strong></span> <span class='ocrx_word' id='word_1_91' title='bbox 379 1513 481 1573; x_wconf 71' lang='lat' dir='ltr'><strong>eutuu</strong></span> <span class='ocrx_word' id='word_1_92' title='bbox 497 1506 625 1572; x_wconf 79' lang='lat' dir='ltr'><strong>vetabat</strong></span> <span class='ocrx_word' id='word_1_93' title='bbox 650 1515 683 1570; x_wconf 90' lang='lat' dir='ltr'><strong>ct</strong></span> <span class='ocrx_word' id='word_1_94' title='bbox 708 1509 856 1592; x_wconf 65' lang='lat' dir='ltr'><strong>componi¹</strong></span> <span class='ocrx_word' id='word_1_95' title='bbox 876 1507 1031 1576; x_wconf 83' lang='lat' dir='ltr'><strong>muteries¹</strong></span> <span class='ocrx_word' id='word_1_96' title='bbox 1043 1509 1080 1570; x_wconf 91' lang='lat' dir='ltr'><strong>in</strong></span> <span class='ocrx_word' id='word_1_97' title='bbox 1101 1503 1162 1568; x_wconf 90' lang='lat' dir='ltr'><strong>hoc</strong></span> <span class='ocrx_word' id='word_1_98' title='bbox 1178 1504 1255 1578; x_wconf 44' lang='lat' dir='ltr'><strong>ides</strong></span> 
     </span>
    </p>
   </div>
   <div class='ocr_carea' id='block_1_3' title="bbox 111 1606 1355 1694">
    <p class='ocr_par' dir='ltr' id='par_1_4' title="bbox 111 1606 1355 1694">
     <span class='ocr_line' id='line_1_13' title="bbox 111 1606 1355 1694; baseline -0.001 -22"><span class='ocrx_word' id='word_1_99' title='bbox 111 1631 226 1690; x_wconf 81' lang='lat' dir='ltr'><strong>„neus,</strong></span> <span class='ocrx_word' id='word_1_100' title='bbox 244 1617 279 1674; x_wconf 88' lang='lat' dir='ltr'><strong>ut</strong></span> <span class='ocrx_word' id='word_1_101' title='bbox 289 1611 517 1675; x_wconf 85' lang='lat' dir='ltr'><strong>controversiae</strong></span> <span class='ocrx_word' id='word_1_102' title='bbox 525 1610 680 1690; x_wconf 85' lang='lat' dir='ltr'><strong>permistis</strong></span> <span class='ocrx_word' id='word_1_103' title='bbox 689 1608 803 1674; x_wconf 76' lang='lat' dir='ltr'><strong>salibus</strong></span> <span class='ocrx_word' id='word_1_104' title='bbox 820 1606 1021 1692; x_wconf 80' lang='lat' dir='ltr'><strong>fingerentur,</strong></span> <span class='ocrx_word' id='word_1_105' title='bbox 1038 1606 1090 1673; x_wconf 85' lang='lat' dir='ltr'><strong>vel</strong></span> <span class='ocrx_word' id='word_1_106' title='bbox 1106 1627 1157 1672; x_wconf 88' lang='lat' dir='ltr'><strong>res</strong></span> <span class='ocrx_word' id='word_1_107' title='bbox 1174 1626 1258 1685; x_wconf 62' lang='lat' dir='ltr'><strong>prc·‚</strong></span> <span class='ocrx_word' id='word_1_108' title='bbox 1348 1673 1355 1694; x_wconf 63' lang='lat'><strong>,</strong></span> 
     </span>
    </p>
   </div>
   <div class='ocr_carea' id='block_1_4' title="bbox 88 1705 1333 3622">
    <p class='ocr_par' dir='ltr' id='par_1_5' title="bbox 88 1705 1333 3622">
     <span class='ocr_line' id='line_1_14' title="bbox 112 1705 1255 1795; baseline -0.003 -21"><span class='ocrx_word' id='word_1_109' title='bbox 112 1713 209 1791; x_wconf 84' lang='lat' dir='ltr'><strong>„puni</strong></span> <span class='ocrx_word' id='word_1_110' title='bbox 227 1709 365 1795; x_wconf 80' lang='lat' dir='ltr'><strong>singulus</strong></span> <span class='ocrx_word' id='word_1_111' title='bbox 382 1713 424 1774; x_wconf 82' lang='lat' dir='ltr'><strong>ad</strong></span> <span class='ocrx_word' id='word_1_112' title='bbox 439 1713 584 1776; x_wconf 89' lang='lat' dir='ltr'><strong>iuvenum</strong></span> <span class='ocrx_word' id='word_1_113' title='bbox 609 1710 706 1778; x_wconf 80' lang='lat' dir='ltr'><strong>iulcrn</strong></span> <span class='ocrx_word' id='word_1_114' title='bbox 724 1711 996 1792; x_wconf 77' lang='lat' dir='ltr'><strong>exercitationem.</strong></span> <span class='ocrx_word' id='word_1_115' title='bbox 1039 1705 1134 1782; x_wconf 77' lang='lat' dir='ltr'><strong>Quin</strong></span> <span class='ocrx_word' id='word_1_116' title='bbox 1155 1705 1255 1780; x_wconf 81' lang='lat' dir='ltr'><strong>illuc¹</strong></span> 
     </span>
     <span class='ocr_line' id='line_1_15' title="bbox 112 1807 1255 1893; baseline -0.004 -17"><span class='ocrx_word' id='word_1_117' title='bbox 112 1815 254 1893; x_wconf 78' lang='lat' dir='ltr'><strong>,‚ipeae,</strong></span> <span class='ocrx_word' id='word_1_118' title='bbox 281 1835 373 1893; x_wconf 84' lang='lat' dir='ltr'><strong>quse</strong></span> <span class='ocrx_word' id='word_1_119' title='bbox 399 1815 501 1878; x_wconf 85' lang='lat' dir='ltr'><strong>dicte</strong></span> <span class='ocrx_word' id='word_1_120' title='bbox 527 1821 613 1878; x_wconf 87' lang='lat' dir='ltr'><strong>sunt</strong></span> <span class='ocrx_word' id='word_1_121' title='bbox 638 1837 679 1878; x_wconf 89' lang='lat' dir='ltr'><strong>ac</strong></span> <span class='ocrx_word' id='word_1_122' title='bbox 704 1819 900 1890; x_wconf 81' lang='lat' dir='ltr'><strong>vocantur,</strong></span> <span class='ocrx_word' id='word_1_123' title='bbox 928 1831 1003 1892; x_wconf 81' lang='lat' dir='ltr'><strong>ques</strong></span> <span class='ocrx_word' id='word_1_124' title='bbox 1025 1812 1120 1874; x_wconf 86' lang='lat' dir='ltr'><strong>certis</strong></span> <span class='ocrx_word' id='word_1_125' title='bbox 1137 1807 1255 1882; x_wconf 34' lang='lat' dir='ltr'><strong>diebus,</strong></span> 
     </span>
     <span class='ocr_line' id='line_1_16' title="bbox 112 1911 1247 1995; baseline -0.002 -17"><span class='ocrx_word' id='word_1_126' title='bbox 112 1915 236 1994; x_wconf 82' lang='lat' dir='ltr'><strong>„festae</strong></span> <span class='ocrx_word' id='word_1_127' title='bbox 262 1912 408 1982; x_wconf 82' lang='lat' dir='ltr'><strong>licentiae</strong></span> <span class='ocrx_word' id='word_1_128' title='bbox 434 1917 537 1980; x_wconf 79' lang='lat' dir='ltr'><strong>dicere</strong></span> <span class='ocrx_word' id='word_1_129' title='bbox 563 1915 755 1994; x_wconf 77' lang='lat' dir='ltr'><strong>solebamus,</strong></span> <span class='ocrx_word' id='word_1_130' title='bbox 781 1913 950 1995; x_wconf 87' lang='lat' dir='ltr'><strong>sipuulum</strong></span> <span class='ocrx_word' id='word_1_131' title='bbox 968 1911 1108 1980; x_wconf 80' lang='lat' dir='ltr'><strong>adhibite</strong></span> <span class='ocrx_word' id='word_1_132' title='bbox 1123 1914 1247 1978; x_wconf 79' lang='lat' dir='ltr'><strong>ratione</strong></span> 
     </span>
     <span class='ocr_line' id='line_1_17' title="bbox 88 2015 1258 2100; baseline -0.002 -18"><span class='ocrx_word' id='word_1_133' title='bbox 88 2017 91 2024; x_wconf 80' lang='grc'>’</span> <span class='ocrx_word' id='word_1_134' title='bbox 111 2015 342 2100; x_wconf 68' lang='lat' dir='ltr'><strong>„fiupumum</strong></span> <span class='ocrx_word' id='word_1_135' title='bbox 368 2023 423 2083; x_wconf 85' lang='lat' dir='ltr'><strong>eut</strong></span> <span class='ocrx_word' id='word_1_136' title='bbox 449 2016 565 2099; x_wconf 86' lang='lat' dir='ltr'><strong>aliquid</strong></span> <span class='ocrx_word' id='word_1_137' title='bbox 580 2019 613 2082; x_wconf 92' lang='lat' dir='ltr'><strong>iu</strong></span> <span class='ocrx_word' id='word_1_138' title='bbox 631 2017 680 2082; x_wconf 90' lang='lat' dir='ltr'><strong>bis</strong></span> <span class='ocrx_word' id='word_1_139' title='bbox 697 2019 811 2095; x_wconf 84' lang='lat' dir='ltr'><strong>serium</strong></span> <span class='ocrx_word' id='word_1_140' title='bbox 829 2037 949 2098; x_wconf 84' lang='lat' dir='ltr'><strong>quoquc</strong></span> <span class='ocrx_word' id='word_1_141' title='bbox 970 2015 1258 2094; x_wconf 80' lang='lat' dir='ltr'><strong>essetadnristurn,</strong></span> 
     </span>
     <span class='ocr_line' id='line_1_18' title="bbox 112 2115 1255 2200; baseline 0 -18"><span class='ocrx_word' id='word_1_142' title='bbox 112 2116 299 2197; x_wconf 87' lang='lat' dir='ltr'><strong>„plurimum</strong></span> <span class='ocrx_word' id='word_1_143' title='bbox 308 2125 453 2200; x_wconf 81' lang='lat' dir='ltr'><strong>poterunt</strong></span> <span class='ocrx_word' id='word_1_144' title='bbox 460 2118 605 2187; x_wconf 75' lang='lat' dir='ltr'><strong>utilitatis</strong></span> <span class='ocrx_word' id='word_1_145' title='bbox 615 2120 745 2199; x_wconf 80' lang='lat' dir='ltr'><strong>efferre,</strong></span> <span class='ocrx_word' id='word_1_146' title='bbox 764 2141 841 2200; x_wconf 81' lang='lat' dir='ltr'><strong>quae</strong></span> <span class='ocrx_word' id='word_1_147' title='bbox 858 2140 939 2184; x_wconf 90' lang='lat' dir='ltr'><strong>nunc</strong></span> <span class='ocrx_word' id='word_1_148' title='bbox 955 2121 1102 2200; x_wconf 81' lang='lat' dir='ltr'><strong>iuvenum</strong></span> <span class='ocrx_word' id='word_1_149' title='bbox 1118 2115 1172 2180; x_wconf 86' lang='lat' dir='ltr'><strong>vel</strong></span> <span class='ocrx_word' id='word_1_150' title='bbox 1188 2116 1255 2182; x_wconf 79' lang='lat' dir='ltr'><strong>sibi.</strong></span> 
     </span>
     <span class='ocr_line' id='line_1_19' title="bbox 112 2218 1252 2304; baseline -0.001 -20"><span class='ocrx_word' id='word_1_151' title='bbox 112 2219 308 2299; x_wconf 85' lang='lat' dir='ltr'><strong>„ludentium</strong></span> <span class='ocrx_word' id='word_1_152' title='bbox 316 2222 501 2287; x_wconf 78' lang='lat' dir='ltr'><strong>exercitatio</strong></span> <span class='ocrx_word' id='word_1_153' title='bbox 518 2228 600 2284; x_wconf 87' lang='lat' dir='ltr'><strong>est“.</strong></span> <span class='ocrx_word' id='word_1_154' title='bbox 618 2220 706 2286; x_wconf 85' lang='lat' dir='ltr'><strong>Idem</strong></span> <span class='ocrx_word' id='word_1_155' title='bbox 723 2221 834 2289; x_wconf 87' lang='lat' dir='ltr'><strong>ecdem</strong></span> <span class='ocrx_word' id='word_1_156' title='bbox 850 2218 924 2292; x_wconf 67' lang='lat' dir='ltr'><strong>lucc,</strong></span> <span class='ocrx_word' id='word_1_157' title='bbox 939 2222 1065 2285; x_wconf 81' lang='lat' dir='ltr'><strong>nomine</strong></span> <span class='ocrx_word' id='word_1_158' title='bbox 1082 2226 1252 2304; x_wconf 75' lang='lat' dir='ltr'><strong>eigenere</strong></span> 
     </span>
     <span class='ocr_line' id='line_1_20' title="bbox 112 2305 1251 2406; baseline 0.002 -24"><span class='ocrx_word' id='word_1_159' title='bbox 112 2319 313 2385; x_wconf 81' lang='lat' dir='ltr'><strong>ridicrdcrurn</strong></span> <span class='ocrx_word' id='word_1_160' title='bbox 339 2322 633 2400; x_wconf 74' lang='lat' dir='ltr'><strong>recenset‚,quibus</strong></span> <span class='ocrx_word' id='word_1_161' title='bbox 658 2321 753 2406; x_wconf 76' lang='lat' dir='ltr'><strong>vulgo</strong></span> <span class='ocrx_word' id='word_1_162' title='bbox 779 2305 920 2398; x_wconf 63' lang='lat' dir='ltr'><strong>utnntnr‘,</strong></span> <span class='ocrx_word' id='word_1_163' title='bbox 946 2321 979 2383; x_wconf 93' lang='lat' dir='ltr'><strong>in</strong></span> <span class='ocrx_word' id='word_1_164' title='bbox 1000 2321 1110 2400; x_wconf 81' lang='lat' dir='ltr'><strong>quibus</strong></span> <span class='ocrx_word' id='word_1_165' title='bbox 1131 2319 1251 2389; x_wconf 76' lang='lat' dir='ltr'><strong>exodia</strong></span> 
     </span>
     <span class='ocr_line' id='line_1_21' title="bbox 112 2420 1254 2509; baseline -0.004 -23"><span class='ocrx_word' id='word_1_166' title='bbox 112 2421 229 2487; x_wconf 83' lang='lat' dir='ltr'><strong>frustra</strong></span> <span class='ocrx_word' id='word_1_167' title='bbox 247 2441 385 2500; x_wconf 78' lang='lat' dir='ltr'><strong>quaeres.</strong></span> <span class='ocrx_word' id='word_1_168' title='bbox 428 2420 496 2490; x_wconf 85' lang='lat' dir='ltr'><strong>lem</strong></span> <span class='ocrx_word' id='word_1_169' title='bbox 512 2431 547 2486; x_wconf 92' lang='lat' dir='ltr'><strong>ut</strong></span> <span class='ocrx_word' id='word_1_170' title='bbox 564 2423 603 2486; x_wconf 85' lang='lat' dir='ltr'><strong>ed</strong></span> <span class='ocrx_word' id='word_1_171' title='bbox 620 2423 704 2492; x_wconf 85' lang='lat' dir='ltr'><strong>Liuii</strong></span> <span class='ocrx_word' id='word_1_172' title='bbox 720 2421 823 2494; x_wconf 87' lang='lat' dir='ltr'><strong>lccum</strong></span> <span class='ocrx_word' id='word_1_173' title='bbox 838 2421 1013 2499; x_wconf 78' lang='lat' dir='ltr'><strong>redeamus,</strong></span> <span class='ocrx_word' id='word_1_174' title='bbox 1032 2441 1076 2487; x_wconf 85' lang='lat' dir='ltr'><strong>cx</strong></span> <span class='ocrx_word' id='word_1_175' title='bbox 1091 2420 1152 2499; x_wconf 79' lang='lat' dir='ltr'><strong>bis,</strong></span> <span class='ocrx_word' id='word_1_176' title='bbox 1170 2441 1254 2509; x_wconf 71' lang='lat' dir='ltr'><strong>quae</strong></span> 
     </span>
     <span class='ocr_line' id='line_1_22' title="bbox 112 2521 1333 2606; baseline 0.002 -20"><span class='ocrx_word' id='word_1_177' title='bbox 112 2523 260 2600; x_wconf 81' lang='lat' dir='ltr'><strong>diximus,</strong></span> <span class='ocrx_word' id='word_1_178' title='bbox 279 2529 418 2602; x_wconf 77' lang='lat' dir='ltr'><strong>apparet,</strong></span> <span class='ocrx_word' id='word_1_179' title='bbox 438 2522 593 2588; x_wconf 83' lang='lat' dir='ltr'><strong>hicetiem</strong></span> <span class='ocrx_word' id='word_1_180' title='bbox 610 2525 727 2590; x_wconf 84' lang='lat' dir='ltr'><strong>excdiu</strong></span> <span class='ocrx_word' id='word_1_181' title='bbox 742 2525 899 2604; x_wconf 81' lang='lat' dir='ltr'><strong>propriam</strong></span> <span class='ocrx_word' id='word_1_182' title='bbox 914 2523 989 2602; x_wconf 78' lang='lat' dir='ltr'><strong>¹vien,</strong></span> <span class='ocrx_word' id='word_1_183' title='bbox 1008 2543 1067 2602; x_wconf 85' lang='lat' dir='ltr'><strong>que</strong></span> <span class='ocrx_word' id='word_1_184' title='bbox 1082 2521 1173 2588; x_wconf 85' lang='lat' dir='ltr'><strong>ludos</strong></span> <span class='ocrx_word' id='word_1_185' title='bbox 1191 2543 1255 2606; x_wconf 80' lang='lat' dir='ltr'><strong>ex·.</strong></span> <span class='ocrx_word' id='word_1_186' title='bbox 1327 2565 1333 2575; x_wconf 87' lang='lat'><em>·</em></span> 
     </span>
     <span class='ocr_line' id='line_1_23' title="bbox 111 2623 1255 2704; baseline 0.002 -16"><span class='ocrx_word' id='word_1_187' title='bbox 111 2633 228 2688; x_wconf 86' lang='lat' dir='ltr'><strong>tremos</strong></span> <span class='ocrx_word' id='word_1_188' title='bbox 246 2625 438 2704; x_wconf 84' lang='lat' dir='ltr'><strong>exprimunt,</strong></span> <span class='ocrx_word' id='word_1_189' title='bbox 456 2623 581 2690; x_wconf 84' lang='lat' dir='ltr'><strong>habere.</strong></span> <span class='ocrx_word' id='word_1_190' title='bbox 617 2623 721 2701; x_wconf 81' lang='lat' dir='ltr'><strong>Quum</strong></span> <span class='ocrx_word' id='word_1_191' title='bbox 738 2624 807 2690; x_wconf 88' lang='lat' dir='ltr'><strong>solu</strong></span> <span class='ocrx_word' id='word_1_192' title='bbox 823 2627 855 2688; x_wconf 79' lang='lat' dir='ltr'><strong>in·</strong></span> <span class='ocrx_word' id='word_1_193' title='bbox 874 2646 968 2688; x_wconf 80' lang='lat' dir='ltr'><strong>scene</strong></span> <span class='ocrx_word' id='word_1_194' title='bbox 984 2627 1145 2696; x_wconf 80' lang='lat' dir='ltr'><strong>stetissent</strong></span> <span class='ocrx_word' id='word_1_195' title='bbox 1160 2627 1255 2690; x_wconf 83' lang='lat' dir='ltr'><strong>iuve-.</strong></span> 
     </span>
     <span class='ocr_line' id='line_1_24' title="bbox 112 2725 1250 2810; baseline 0.004 -20"><span class='ocrx_word' id='word_1_196' title='bbox 112 2748 187 2790; x_wconf 90' lang='lat' dir='ltr'><strong>num</strong></span> <span class='ocrx_word' id='word_1_197' title='bbox 204 2725 370 2805; x_wconf 82' lang='lat' dir='ltr'><strong>iccrderie,</strong></span> <span class='ocrx_word' id='word_1_198' title='bbox 390 2727 507 2792; x_wconf 79' lang='lat' dir='ltr'><strong>exodia</strong></span> <span class='ocrx_word' id='word_1_199' title='bbox 524 2749 622 2810; x_wconf 86' lang='lat' dir='ltr'><strong>neque</strong></span> <span class='ocrx_word' id='word_1_200' title='bbox 634 2727 837 2806; x_wconf 76' lang='lat' dir='ltr'><strong>dicebantur,</strong></span> <span class='ocrx_word' id='word_1_201' title='bbox 859 2749 959 2808; x_wconf 87' lang='lat' dir='ltr'><strong>neque</strong></span> <span class='ocrx_word' id='word_1_202' title='bbox 976 2733 1061 2795; x_wconf 82' lang='lat' dir='ltr'><strong>recte</strong></span> <span class='ocrx_word' id='word_1_203' title='bbox 1079 2728 1143 2796; x_wconf 87' lang='lat' dir='ltr'><strong>dici</strong></span> <span class='ocrx_word' id='word_1_204' title='bbox 1158 2734 1250 2808; x_wconf 86' lang='lat' dir='ltr'><strong>pote·</strong></span> 
     </span>
     <span class='ocr_line' id='line_1_25' title="bbox 113 2829 1252 2909; baseline 0.004 -18"><span class='ocrx_word' id='word_1_205' title='bbox 113 2835 200 2906; x_wconf 84' lang='lat' dir='ltr'><strong>rent,</strong></span> <span class='ocrx_word' id='word_1_206' title='bbox 218 2849 310 2908; x_wconf 88' lang='lat' dir='ltr'><strong>quum</strong></span> <span class='ocrx_word' id='word_1_207' title='bbox 327 2829 563 2894; x_wconf 74' lang='lat' dir='ltr'><strong>vernGreecee</strong></span> <span class='ocrx_word' id='word_1_208' title='bbox 588 2829 721 2898; x_wconf 76' lang='lat' dir='ltr'><strong>subulae,</strong></span> <span class='ocrx_word' id='word_1_209' title='bbox 739 2832 773 2894; x_wconf 92' lang='lat' dir='ltr'><strong>in</strong></span> <span class='ocrx_word' id='word_1_210' title='bbox 794 2831 1100 2909; x_wconf 79' lang='lat' dir='ltr'><strong>rceuemproduetec</strong></span> <span class='ocrx_word' id='word_1_211' title='bbox 1111 2830 1252 2902; x_wconf 70' lang='lat' dir='ltr'><strong>‚niuem</strong></span> 
     </span>
     <span class='ocr_line' id='line_1_26' title="bbox 114 2927 1273 3018; baseline 0.002 -24"><span class='ocrx_word' id='word_1_212' title='bbox 114 2938 146 2994; x_wconf 86' lang='lat' dir='ltr'><strong>et</strong></span> <span class='ocrx_word' id='word_1_213' title='bbox 162 2932 290 2995; x_wconf 88' lang='lat' dir='ltr'><strong>iuvenes</strong></span> <span class='ocrx_word' id='word_1_214' title='bbox 315 2927 517 2997; x_wconf 82' lang='lat' dir='ltr'><strong>histrionibus</strong></span> <span class='ocrx_word' id='word_1_215' title='bbox 534 2930 714 3002; x_wconf 68' lang='lat' dir='ltr'><strong>tabularum</strong></span> <span class='ocrx_word' id='word_1_216' title='bbox 738 2939 811 3016; x_wconf 68' lang='lat' dir='ltr'><strong>ectu</strong></span> <span class='ocrx_word' id='word_1_217' title='bbox 830 2929 940 2996; x_wconf 84' lang='lat' dir='ltr'><strong>relicto</strong></span> <span class='ocrx_word' id='word_1_218' title='bbox 959 2934 1085 3013; x_wconf 76' lang='lat' dir='ltr'><strong>antiquo</strong></span> <span class='ocrx_word' id='word_1_219' title='bbox 1103 2951 1191 2999; x_wconf 87' lang='lat' dir='ltr'><strong>mcre</strong></span> <span class='ocrx_word' id='word_1_220' title='bbox 1207 2936 1249 2996; x_wconf 89' lang='lat' dir='ltr'><strong>ri-</strong></span> <span class='ocrx_word' id='word_1_221' title='bbox 1272 3013 1273 3018; x_wconf 5' lang='grc' dir='ltr'>ἵ</span> 
     </span>
     <span class='ocr_line' id='line_1_27' title="bbox 113 3029 1250 3114; baseline 0.004 -20"><span class='ocrx_word' id='word_1_222' title='bbox 113 3029 216 3096; x_wconf 84' lang='lat' dir='ltr'><strong>diculu</strong></span> <span class='ocrx_word' id='word_1_223' title='bbox 240 3033 365 3098; x_wconf 79' lang='lat' dir='ltr'><strong>intexis</strong></span> <span class='ocrx_word' id='word_1_224' title='bbox 390 3032 532 3098; x_wconf 85' lang='lat' dir='ltr'><strong>versibus</strong></span> <span class='ocrx_word' id='word_1_225' title='bbox 562 3035 705 3099; x_wconf 79' lang='lat' dir='ltr'><strong>iactitare</strong></span> <span class='ocrx_word' id='word_1_226' title='bbox 735 3035 925 3114; x_wconf 78' lang='lat' dir='ltr'><strong>coepissent,</strong></span> <span class='ocrx_word' id='word_1_227' title='bbox 955 3034 1069 3106; x_wconf 63' lang='lat' dir='ltr'><strong>audie</strong></span> <span class='ocrx_word' id='word_1_228' title='bbox 1094 3033 1250 3114; x_wconf 75' lang='lat' dir='ltr'><strong>appellate</strong></span> 
     </span>
     <span class='ocr_line' id='line_1_28' title="bbox 107 3131 1316 3215; baseline 0.001 -18"><span class='ocrx_word' id='word_1_229' title='bbox 107 3131 197 3211; x_wconf 85' lang='lat' dir='ltr'><strong>&#39;sunt,</strong></span> <span class='ocrx_word' id='word_1_230' title='bbox 225 3134 292 3196; x_wconf 87' lang='lat' dir='ltr'><strong>siue</strong></span> <span class='ocrx_word' id='word_1_231' title='bbox 309 3132 419 3213; x_wconf 88' lang='lat' dir='ltr'><strong>dubio,</strong></span> <span class='ocrx_word' id='word_1_232' title='bbox 447 3136 518 3214; x_wconf 84' lang='lat' dir='ltr'><strong>quia</strong></span> <span class='ocrx_word' id='word_1_233' title='bbox 538 3141 612 3215; x_wconf 91' lang='lat' dir='ltr'><strong>pcst</strong></span> <span class='ocrx_word' id='word_1_234' title='bbox 632 3134 755 3200; x_wconf 82' lang='lat' dir='ltr'><strong>fabulas</strong></span> <span class='ocrx_word' id='word_1_235' title='bbox 774 3143 859 3200; x_wconf 84' lang='lat' dir='ltr'><strong>ectus</strong></span> <span class='ocrx_word' id='word_1_236' title='bbox 877 3136 1052 3206; x_wconf 83' lang='lat' dir='ltr'><strong>ederentur.</strong></span> <span class='ocrx_word' id='word_1_237' title='bbox 1095 3134 1204 3214; x_wconf 78' lang='lat' dir='ltr'><strong>ltaque</strong></span> <span class='ocrx_word' id='word_1_238' title='bbox 1222 3137 1250 3198; x_wconf 86' lang='lat' dir='ltr'><strong>ri</strong></span> <span class='ocrx_word' id='word_1_239' title='bbox 1314 3168 1316 3182; x_wconf 63' lang='grc' dir='ltr'>ι</span> 
     </span>
     <span class='ocr_line' id='line_1_29' title="bbox 113 3233 1248 3318; baseline 0 -18"><span class='ocrx_word' id='word_1_240' title='bbox 113 3233 196 3300; x_wconf 82' lang='lat' dir='ltr'><strong>Livii</strong></span> <span class='ocrx_word' id='word_1_241' title='bbox 212 3237 402 3303; x_wconf 76' lang='lat' dir='ltr'><strong>sententium</strong></span> <span class='ocrx_word' id='word_1_242' title='bbox 418 3235 557 3316; x_wconf 79' lang='lat' dir='ltr'><strong>plenius,</strong></span> <span class='ocrx_word' id='word_1_243' title='bbox 583 3257 674 3316; x_wconf 83' lang='lat' dir='ltr'><strong>quem</strong></span> <span class='ocrx_word' id='word_1_244' title='bbox 699 3239 767 3316; x_wconf 86' lang='lat' dir='ltr'><strong>ipse</strong></span> <span class='ocrx_word' id='word_1_245' title='bbox 792 3238 885 3317; x_wconf 90' lang='lat' dir='ltr'><strong>lecit,</strong></span> <span class='ocrx_word' id='word_1_246' title='bbox 911 3239 1087 3317; x_wconf 82' lang='lat' dir='ltr'><strong>exprimere</strong></span> <span class='ocrx_word' id='word_1_247' title='bbox 1102 3236 1248 3318; x_wconf 87' lang='lat' dir='ltr'><strong>velimus,</strong></span> 
     </span>
     <span class='ocr_line' id='line_1_30' title="bbox 113 3336 1320 3422; baseline 0.004 -22"><span class='ocrx_word' id='word_1_248' title='bbox 113 3336 191 3405; x_wconf 80' lang='lat' dir='ltr'><strong>baec</strong></span> <span class='ocrx_word' id='word_1_249' title='bbox 207 3337 274 3402; x_wconf 83' lang='lat' dir='ltr'><strong>lere</strong></span> <span class='ocrx_word' id='word_1_250' title='bbox 292 3340 364 3402; x_wconf 86' lang='lat' dir='ltr'><strong>erit:</strong></span> <span class='ocrx_word' id='word_1_251' title='bbox 391 3359 468 3418; x_wconf 83' lang='lat' dir='ltr'><strong>quae</strong></span> <span class='ocrx_word' id='word_1_252' title='bbox 485 3337 618 3405; x_wconf 83' lang='lat' dir='ltr'><strong>ridicula</strong></span> <span class='ocrx_word' id='word_1_253' title='bbox 643 3345 752 3422; x_wconf 78' lang='lat' dir='ltr'><strong>postca</strong></span> <span class='ocrx_word' id='word_1_254' title='bbox 776 3337 868 3410; x_wconf 85' lang='lat' dir='ltr'><strong>ludis¹</strong></span> <span class='ocrx_word' id='word_1_255' title='bbox 882 3340 1013 3410; x_wconf 79' lang='lat' dir='ltr'><strong>scenicis</strong></span> <span class='ocrx_word' id='word_1_256' title='bbox 1030 3336 1127 3414; x_wconf 80' lang='lat' dir='ltr'><strong>finem</strong></span> <span class='ocrx_word' id='word_1_257' title='bbox 1143 3339 1248 3422; x_wconf 84' lang='lat' dir='ltr'><strong>lucere</strong></span> <span class='ocrx_word' id='word_1_258' title='bbox 1316 3341 1320 3346; x_wconf 82' lang='grc'><strong>’</strong></span> 
     </span>
     <span class='ocr_line' id='line_1_31' title="bbox 114 3438 1249 3526; baseline 0.004 -24"><span class='ocrx_word' id='word_1_259' title='bbox 114 3438 271 3518; x_wconf 77' lang='lat' dir='ltr'><strong>solebant,</strong></span> <span class='ocrx_word' id='word_1_260' title='bbox 289 3439 363 3504; x_wconf 91' lang='lat' dir='ltr'><strong>inde</strong></span> <span class='ocrx_word' id='word_1_261' title='bbox 380 3441 495 3506; x_wconf 83' lang='lat' dir='ltr'><strong>exodia</strong></span> <span class='ocrx_word' id='word_1_262' title='bbox 512 3439 667 3520; x_wconf 80' lang='lat' dir='ltr'><strong>eppellete</strong></span> <span class='ocrx_word' id='word_1_263' title='bbox 685 3447 718 3506; x_wconf 86' lang='lat' dir='ltr'><strong>et</strong></span> <span class='ocrx_word' id='word_1_264' title='bbox 733 3439 858 3526; x_wconf 78' lang='lat' dir='ltr'><strong>labellis</strong></span> <span class='ocrx_word' id='word_1_265' title='bbox 880 3442 1073 3520; x_wconf 80' lang='lat' dir='ltr'><strong>potissimum</strong></span> <span class='ocrx_word' id='word_1_266' title='bbox 1093 3441 1249 3506; x_wconf 74' lang='lat' dir='ltr'><strong>Atellanis</strong></span> 
     </span>
     <span class='ocr_line' id='line_1_32' title="bbox 115 3541 1251 3622; baseline 0.005 -18"><span class='ocrx_word' id='word_1_267' title='bbox 115 3547 354 3608; x_wconf 79' lang='lat' dir='ltr'><strong>consertesunt.</strong></span> <span class='ocrx_word' id='word_1_268' title='bbox 398 3541 461 3606; x_wconf 79' lang='lat' dir='ltr'><strong>Sed</strong></span> <span class='ocrx_word' id='word_1_269' title='bbox 479 3543 605 3606; x_wconf 87' lang='lat' dir='ltr'><strong>brevior</strong></span> <span class='ocrx_word' id='word_1_270' title='bbox 621 3563 690 3607; x_wconf 91' lang='lat' dir='ltr'><strong>esse</strong></span> <span class='ocrx_word' id='word_1_271' title='bbox 706 3545 807 3622; x_wconf 86' lang='lat' dir='ltr'><strong>potuit</strong></span> <span class='ocrx_word' id='word_1_272' title='bbox 823 3550 943 3621; x_wconf 84' lang='lat' dir='ltr'><strong>auctor,</strong></span> <span class='ocrx_word' id='word_1_273' title='bbox 961 3564 1054 3622; x_wconf 88' lang='lat' dir='ltr'><strong>quum</strong></span> <span class='ocrx_word' id='word_1_274' title='bbox 1070 3542 1168 3608; x_wconf 86' lang='lat' dir='ltr'><strong>verbu</strong></span> <span class='ocrx_word' id='word_1_275' title='bbox 1185 3565 1251 3610; x_wconf 83' lang='lat' dir='ltr'><strong>ex·</strong></span> 
     </span>
    </p>
   </div>
   <div class='ocr_carea' id='block_1_5' title="bbox 117 3707 326 3718">
    <p class='ocr_par' dir='ltr' id='par_1_6' title="bbox 117 3707 326 3718">
     <span class='ocr_line' id='line_1_33' title="bbox 117 3707 326 3718; baseline 0.014 -3"><span class='ocrx_word' id='word_1_276' title='bbox 117 3707 326 3718; x_wconf 47' lang='lat' dir='ltr'><strong>m*—</strong></span> 
     </span>
    </p>
   </div>
   <div class='ocr_carea' id='block_1_6' title="bbox 115 3801 1251 4347">
    <p class='ocr_par' dir='ltr' id='par_1_7' title="bbox 115 3801 1251 4347">
     <span class='ocr_line' id='line_1_34' title="bbox 182 3801 1251 3866; baseline 0.006 -20"><span class='ocrx_word' id='word_1_277' title='bbox 182 3801 227 3860; x_wconf 76' lang='grc'><strong>72)</strong></span> <span class='ocrx_word' id='word_1_278' title='bbox 245 3805 336 3862; x_wconf 79' lang='lat' dir='ltr'><strong>„lucos</strong></span> <span class='ocrx_word' id='word_1_279' title='bbox 346 3805 444 3852; x_wconf 81' lang='lat' dir='ltr'><strong>veteres</strong></span> <span class='ocrx_word' id='word_1_280' title='bbox 454 3803 536 3852; x_wconf 77' lang='lat' dir='ltr'><strong>nociti</strong></span> <span class='ocrx_word' id='word_1_281' title='bbox 545 3803 651 3852; x_wconf 73' lang='lat' dir='ltr'><strong>dicteria</strong></span> <span class='ocrx_word' id='word_1_282' title='bbox 660 3804 784 3853; x_wconf 80' lang='lat' dir='ltr'><strong>dicebant.</strong></span> <span class='ocrx_word' id='word_1_283' title='bbox 820 3805 903 3852; x_wconf 84' lang='lat' dir='ltr'><strong>Tertir</strong></span> <span class='ocrx_word' id='word_1_284' title='bbox 913 3805 1014 3864; x_wconf 81' lang='lat' dir='ltr'><strong>Cicero,</strong></span> <span class='ocrx_word' id='word_1_285' title='bbox 1025 3805 1068 3864; x_wconf 88' lang='lat' dir='ltr'><strong>qui</strong></span> <span class='ocrx_word' id='word_1_286' title='bbox 1076 3805 1103 3852; x_wconf 89' lang='lat' dir='ltr'><strong>ln</strong></span> <span class='ocrx_word' id='word_1_287' title='bbox 1111 3805 1175 3853; x_wconf 85' lang='lat' dir='ltr'><strong>libro</strong></span> <span class='ocrx_word' id='word_1_288' title='bbox 1185 3805 1251 3866; x_wconf 72' lang='lat' dir='ltr'><strong>Epi-&#39;</strong></span> 
     </span>
     <span class='ocr_line' id='line_1_35' title="bbox 115 3869 1249 3935; baseline 0.004 -20"><span class='ocrx_word' id='word_1_289' title='bbox 115 3869 237 3916; x_wconf 82' lang='lat' dir='ltr'><strong>stolarum</strong></span> <span class='ocrx_word' id='word_1_290' title='bbox 257 3871 288 3916; x_wconf 85' lang='lat' dir='ltr'><strong>nd</strong></span> <span class='ocrx_word' id='word_1_291' title='bbox 305 3873 379 3918; x_wconf 87' lang='lat' dir='ltr'><strong>curn.</strong></span> <span class='ocrx_word' id='word_1_292' title='bbox 388 3875 512 3933; x_wconf 77' lang='lat' dir='ltr'><strong>Nepotem</strong></span> <span class='ocrx_word' id='word_1_293' title='bbox 530 3874 640 3921; x_wconf 78' lang='lat' dir='ltr'><strong>seeundo</strong></span> <span class='ocrx_word' id='word_1_294' title='bbox 659 3874 696 3920; x_wconf 79' lang='lat' dir='ltr'><strong>sic</strong></span> <span class='ocrx_word' id='word_1_295' title='bbox 714 3875 761 3922; x_wconf 81' lang='lat' dir='ltr'><strong>eit:</strong></span> <span class='ocrx_word' id='word_1_296' title='bbox 780 3875 866 3932; x_wconf 73' lang='lat' dir='ltr'><strong>ltaque</strong></span> <span class='ocrx_word' id='word_1_297' title='bbox 876 3873 975 3932; x_wconf 76' lang='lat' dir='ltr'><strong>nestri,</strong></span> <span class='ocrx_word' id='word_1_298' title='bbox 989 3886 1065 3931; x_wconf 83' lang='lat' dir='ltr'><strong>quum</strong></span> <span class='ocrx_word' id='word_1_299' title='bbox 1074 3873 1166 3935; x_wconf 83' lang='lat' dir='ltr'><strong>omniu,</strong></span> <span class='ocrx_word' id='word_1_300' title='bbox 1185 3888 1249 3933; x_wconf 74' lang='lat' dir='ltr'><strong>quse</strong></span> 
     </span>
     <span class='ocr_line' id='line_1_36' title="bbox 116 3937 1249 4001; baseline 0.004 -19"><span class='ocrx_word' id='word_1_301' title='bbox 116 3937 283 3996; x_wconf 82' lang='lat' dir='ltr'><strong>dixissemus,</strong></span> <span class='ocrx_word' id='word_1_302' title='bbox 302 3939 368 3986; x_wconf 84' lang='lat' dir='ltr'><strong>dictu</strong></span> <span class='ocrx_word' id='word_1_303' title='bbox 386 3943 484 3999; x_wconf 82' lang='lat' dir='ltr'><strong>errent,</strong></span> <span class='ocrx_word' id='word_1_304' title='bbox 503 3956 567 4000; x_wconf 82' lang='lat' dir='ltr'><strong>quse</strong></span> <span class='ocrx_word' id='word_1_305' title='bbox 584 3945 667 3990; x_wconf 78' lang='lat' dir='ltr'><strong>facete</strong></span> <span class='ocrx_word' id='word_1_306' title='bbox 685 3945 711 3988; x_wconf 81' lang='lat' dir='ltr'><strong>et</strong></span> <span class='ocrx_word' id='word_1_307' title='bbox 728 3942 837 3990; x_wconf 85' lang='lat' dir='ltr'><strong>breviter</strong></span> <span class='ocrx_word' id='word_1_308' title='bbox 854 3944 880 3988; x_wconf 88' lang='lat' dir='ltr'><strong>et</strong></span> <span class='ocrx_word' id='word_1_309' title='bbox 898 3946 972 3989; x_wconf 85' lang='lat' dir='ltr'><strong>ncute</strong></span> <span class='ocrx_word' id='word_1_310' title='bbox 985 3942 1199 4001; x_wconf 65' lang='lat' dir='ltr'><strong>locutiacense,</strong></span> <span class='ocrx_word' id='word_1_311' title='bbox 1218 3955 1249 3987; x_wconf 82' lang='lat' dir='ltr'><strong>ee</strong></span> 
     </span>
     <span class='ocr_line' id='line_1_37' title="bbox 117 4005 1249 4068; baseline 0.002 -16"><span class='ocrx_word' id='word_1_312' title='bbox 117 4005 219 4064; x_wconf 90' lang='lat' dir='ltr'><strong>prcpric</strong></span> <span class='ocrx_word' id='word_1_313' title='bbox 229 4005 329 4054; x_wconf 85' lang='lat' dir='ltr'><strong>nemine</strong></span> <span class='ocrx_word' id='word_1_314' title='bbox 347 4009 472 4068; x_wconf 74' lang='lat' dir='ltr'><strong>appellari</strong></span> <span class='ocrx_word' id='word_1_315' title='bbox 486 4010 591 4058; x_wconf 78' lang='lat' dir='ltr'><strong>dicteria</strong></span> <span class='ocrx_word' id='word_1_316' title='bbox 601 4010 744 4058; x_wconf 84' lang='lat' dir='ltr'><strong>voluerunt.</strong></span> <span class='ocrx_word' id='word_1_317' title='bbox 778 4011 847 4058; x_wconf 80' lang='lat' dir='ltr'><strong>llaec</strong></span> <span class='ocrx_word' id='word_1_318' title='bbox 858 4009 954 4058; x_wconf 84' lang='lat' dir='ltr'><strong>cicero.</strong></span> <span class='ocrx_word' id='word_1_319' title='bbox 963 4010 1061 4058; x_wconf 83' lang='lat' dir='ltr'><strong>chinr</strong></span> <span class='ocrx_word' id='word_1_320' title='bbox 1071 4023 1131 4058; x_wconf 89' lang='lat' dir='ltr'><strong>vero</strong></span> <span class='ocrx_word' id='word_1_321' title='bbox 1140 4011 1249 4067; x_wconf 82' lang='lat' dir='ltr'><strong>Pompo-</strong></span> 
     </span>
     <span class='ocr_line' id='line_1_38' title="bbox 116 4073 1250 4138; baseline 0.002 -18"><span class='ocrx_word' id='word_1_322' title='bbox 116 4073 225 4132; x_wconf 74' lang='lat' dir='ltr'><strong>utusque</strong></span> <span class='ocrx_word' id='word_1_323' title='bbox 235 4074 306 4121; x_wconf 82' lang='lat' dir='ltr'><strong>iocor</strong></span> <span class='ocrx_word' id='word_1_324' title='bbox 316 4089 367 4122; x_wconf 85' lang='lat' dir='ltr'><strong>nou</strong></span> <span class='ocrx_word' id='word_1_325' title='bbox 375 4087 434 4124; x_wconf 84' lang='lat' dir='ltr'><strong>reru</strong></span> <span class='ocrx_word' id='word_1_326' title='bbox 444 4077 549 4126; x_wconf 79' lang='lat' dir='ltr'><strong>dicteria</strong></span> <span class='ocrx_word' id='word_1_327' title='bbox 558 4078 717 4127; x_wconf 83' lang='lat' dir='ltr'><strong>numiueut“.</strong></span> <span class='ocrx_word' id='word_1_328' title='bbox 751 4079 832 4128; x_wconf 82' lang='lat' dir='ltr'><strong>Cicer.</strong></span> <span class='ocrx_word' id='word_1_329' title='bbox 841 4078 871 4124; x_wconf 87' lang='lat' dir='ltr'><strong>dc</strong></span> <span class='ocrx_word' id='word_1_330' title='bbox 881 4080 952 4126; x_wconf 85' lang='lat' dir='ltr'><strong>Oret.</strong></span> <span class='ocrx_word' id='word_1_331' title='bbox 960 4079 990 4138; x_wconf 78' lang='lat' dir='ltr'><strong>ll,</strong></span> <span class='ocrx_word' id='word_1_332' title='bbox 1015 4081 1058 4128; x_wconf 74' lang='lat'><strong>54:</strong></span> <span class='ocrx_word' id='word_1_333' title='bbox 1076 4080 1161 4138; x_wconf 79' lang='lat' dir='ltr'><strong>„bone</strong></span> <span class='ocrx_word' id='word_1_334' title='bbox 1172 4077 1250 4136; x_wconf 82' lang='lat' dir='ltr'><strong>dicte,</strong></span> 
     </span>
     <span class='ocr_line' id='line_1_39' title="bbox 117 4135 1250 4207; baseline 0.004 -20"><span class='ocrx_word' id='word_1_335' title='bbox 117 4155 182 4198; x_wconf 80' lang='lat' dir='ltr'><strong>qnae</strong></span> <span class='ocrx_word' id='word_1_336' title='bbox 192 4141 260 4188; x_wconf 77' lang='lat' dir='ltr'><strong>sulse</strong></span> <span class='ocrx_word' id='word_1_337' title='bbox 268 4145 339 4201; x_wconf 83' lang='lat' dir='ltr'><strong>sunt,</strong></span> <span class='ocrx_word' id='word_1_338' title='bbox 358 4157 388 4190; x_wconf 82' lang='lat' dir='ltr'><strong>ee</strong></span> <span class='ocrx_word' id='word_1_339' title='bbox 397 4144 464 4192; x_wconf 81' lang='lat' dir='ltr'><strong>dictu</strong></span> <span class='ocrx_word' id='word_1_340' title='bbox 473 4148 636 4207; x_wconf 77' lang='lat' dir='ltr'><strong>appellentur</strong></span> <span class='ocrx_word' id='word_1_341' title='bbox 644 4147 745 4206; x_wconf 85' lang='lat' dir='ltr'><strong>propriu</strong></span> <span class='ocrx_word' id='word_1_342' title='bbox 754 4148 804 4194; x_wconf 84' lang='lat' dir='ltr'><strong>ium</strong></span> <span class='ocrx_word' id='word_1_343' title='bbox 814 4147 943 4196; x_wconf 58' lang='lat' dir='ltr'><strong>nomines</strong></span> <span class='ocrx_word' id='word_1_344' title='bbox 952 4173 986 4184; x_wconf 87' lang='lat'><em>-</em></span> <span class='ocrx_word' id='word_1_345' title='bbox 996 4148 1034 4196; x_wconf 81' lang='lat' dir='ltr'><strong>ct.</strong></span> <span class='ocrx_word' id='word_1_346' title='bbox 1042 4148 1124 4194; x_wconf 83' lang='lat' dir='ltr'><strong>Verre</strong></span> <span class='ocrx_word' id='word_1_347' title='bbox 1133 4139 1193 4198; x_wconf 74' lang='grc' dir='ltr'><strong>ὄνος</strong></span> <span class='ocrx_word' id='word_1_348' title='bbox 1203 4135 1250 4192; x_wconf 80' lang='grc' dir='ltr'><strong>λύ-</strong></span> 
     </span>
     <span class='ocr_line' id='line_1_40' title="bbox 118 4209 1249 4276; baseline 0.004 -20"><span class='ocrx_word' id='word_1_349' title='bbox 118 4225 165 4272; x_wconf 82' lang='grc' dir='ltr'><strong>ρας</strong></span> <span class='ocrx_word' id='word_1_350' title='bbox 175 4209 241 4268; x_wconf 83' lang='lat' dir='ltr'><strong>cpnd</strong></span> <span class='ocrx_word' id='word_1_351' title='bbox 250 4212 331 4257; x_wconf 82' lang='lat' dir='ltr'><strong>Non:</strong></span> <span class='ocrx_word' id='word_1_352' title='bbox 350 4211 400 4270; x_wconf 78' lang='lat' dir='ltr'><strong>„lit</strong></span> <span class='ocrx_word' id='word_1_353' title='bbox 409 4213 595 4272; x_wconf 79' lang='lat' dir='ltr'><strong>urllrcplrellicu</strong></span> <span class='ocrx_word' id='word_1_354' title='bbox 607 4216 694 4262; x_wconf 77' lang='lat' dir='ltr'><strong>attulit</strong></span> <span class='ocrx_word' id='word_1_355' title='bbox 703 4215 835 4276; x_wconf 72' lang='lat' dir='ltr'><strong>psalteria,</strong></span> <span class='ocrx_word' id='word_1_356' title='bbox 854 4216 944 4274; x_wconf 78' lang='lat' dir='ltr'><strong>quibus</strong></span> <span class='ocrx_word' id='word_1_357' title='bbox 958 4215 1051 4262; x_wconf 77' lang='lat' dir='ltr'><strong>sonunt</strong></span> <span class='ocrx_word' id='word_1_358' title='bbox 1060 4213 1202 4260; x_wconf 82' lang='lat' dir='ltr'><strong>lnGreeciu</strong></span> <span class='ocrx_word' id='word_1_359' title='bbox 1211 4211 1249 4260; x_wconf 87' lang='lat' dir='ltr'><strong>di·</strong></span> 
     </span>
     <span class='ocr_line' id='line_1_41' title="bbox 119 4277 1176 4347; baseline 0.006 -26"><span class='ocrx_word' id='word_1_360' title='bbox 119 4278 212 4338; x_wconf 82' lang='lat' dir='ltr'><strong>rterie,</strong></span> <span class='ocrx_word' id='word_1_361' title='bbox 233 4278 435 4332; x_wconf 79' lang='lat' dir='ltr'><strong>Quiiubulerum</strong></span> <span class='ocrx_word' id='word_1_362' title='bbox 446 4282 701 4344; x_wconf 79' lang='lat' dir='ltr'><strong>collocentexcrdie,</strong></span> <span class='ocrx_word' id='word_1_363' title='bbox 720 4282 856 4345; x_wconf 84' lang='lat' dir='ltr'><strong>ntccmici,</strong></span> <span class='ocrx_word' id='word_1_364' title='bbox 875 4283 1006 4347; x_wconf 74' lang='lat' dir='ltr'><strong>clusenses,</strong></span> <span class='ocrx_word' id='word_1_365' title='bbox 1024 4277 1176 4329; x_wconf 67' lang='lat' dir='ltr'><strong>rcenuetci‘l</strong></span> 
     </span>
    </p>
   </div>
   <div class='ocr_carea' id='block_1_7' title="bbox 0 0 1433 4950">
    <p class='ocr_par' dir='ltr' id='par_1_8' title="bbox 0 0 1433 4950">
     <span class='ocr_line' id='line_1_42' title="bbox 0 0 1433 4950; baseline 0 0"><span class='ocrx_word' id='word_1_366' title='bbox 0 0 1433 4950; x_wconf 95' lang='lat' dir='ltr'><strong> </strong></span> 
     </span>
    </p>
   </div>
  </div>
 </body>
</html>
