2840 4948
527 270 773 382 ΑΜ

97 521 157 565 nus
173 499 324 581 pristinae
342 499 419 561 artis
437 501 469 560 et
487 493 680 580 elegantiae,
707 514 745 558 eo
772 491 841 575 plus
858 491 1006 558 lasciviae
1024 500 1056 558 et
1074 493 1236 575 impudici·

96 603 162 666 tiae
188 598 413 678 ostendebant,
440 597 520 678 quod
537 602 623 678 patet
650 617 668 660 e
693 594 764 660 loco
783 593 972 659 Tertulliani
990 595 1029 659 de
1047 595 1189 677 Spectac.
1208 619 1235 661 c.

97 707 139 767 1⁷
156 701 246 766 ludos
264 701 404 765 scenicos
421 701 471 763 sui
488 700 636 779 temporis
649 699 720 783 286)
738 696 788 761 bis
804 695 909 761 verbis
927 697 1145 762 describentis:
1171 701 1238 778 „si-

95 802 238 884 „militcr
253 803 476 884 impudicitiam
494 821 618 863 omnem
635 797 757 862 amoliri
773 797 927 863 iubemur.
969 797 1042 862 Hoc
1059 801 1155 884 igitur
1171 821 1237 863 mo·

31 985 37 992 ι
95 906 162 996 „do
181 907 276 969 etiam
293 926 312 967 a
329 901 454 967 theatro
473 922 663 982 separamur,
681 899 763 981 quod
781 907 829 964 est
844 901 998 981 priuatum
1017 902 1238 968 consistorium

95 1007 344 1087 „impudicitiae,
369 1003 424 1067 ubi
441 1001 519 1066 nihil
536 1002 704 1083 probatur,
731 1024 824 1082 quam
851 1002 932 1082 ‘luod
951 1000 1027 1065 alibi
1045 1024 1106 1068 non
1125 1001 1238 1084 proba·

95 1114 179 1188 „tun
231 1105 282 1171 Ita
303 1123 422 1170 summa
438 1105 541 1188 gratia
558 1105 625 1168 eius
643 1105 683 1167 de
700 1106 848 1184 spurcitia
865 1102 1028 1186 plurimum
1051 1107 1239 1169 concinnata

96 1216 192 1290 „est,
219 1229 311 1288 quam
335 1205 536 1271 Atellanus
562 1204 955 1289 gesticulator,·quam
981 1203 1115 1270 Mimas
1142 1209 1239 1270 ctiam

95 1330 177 1392 „par
193 1309 338 1375 mulieres
355 1314 589 1388 repraesentat,
608 1327 720 1370 sexum
737 1305 864 1386 pudoris
882 1309 1113 1388 exterminans,
1139 1305 1239 1371 utfa-

95 1410 209 1493 „cilius
227 1413 329 1489 domI,
356 1431 448 1490 quam
465 1410 498 1472 in
515 1429 611 1470 scona
633 1406 836 1483 erubescant,
864 1430 956 1489 quam
982 1409 1114 1490 denique
1140 1409 1237 1473 Pan·

93 1515 292 1594 „tomimus
310 1535 329 1574 a
346 1511 479 1592 pueritia
496 1511 612 1588 patltur
627 1511 811 1590 incorpore,
829 1515 864 1571 nt
881 1509 999 1573 artifex
1017 1532 1087 1573 essa
1103 1513 1238 1591 possit.“

94 1613 178 1679 Cum
203 1634 264 1694 quo
289 1611 362 1674 loco
389 1611 611 1691 comparandus
638 1618 687 1674 est
703 1611 858 1675 Arnobius
878 1609 1002 1675 advers.
1021 1617 1106 1696 gent.
1124 1609 1190 1676 VII
1206 1634 1237 1693 p.

92 1717 160 1778 227
177 1735 223 1794 sq.
242 1714 290 1777 ed.
309 1711 479 1778 Stcwech.:
498 1709 738 1793 ‚,delectantur,
765 1720 799 1776 ut
815 1734 866 1776 res
884 1722 951 1793 est,
970 1715 1166 1794 stupidorum
1183 1735 1237 1778 ca·

93 1816 233 1897 „pilibus
250 1816 350 1894 rasis,
368 1813 588 1894 salapictarum
605 1817 712 1878 sonitu
728 1823 821 1895 atque
838 1813 967 1896 plausu,
984 1815 1076 1879 Iactis
1094 1824 1128 1880 et
1144 1815 1235 1880 dictis

93 1917 271 1999 „tnrpibus,
287 1918 478 1981 fascinorum
495 1918 668 1999 ingentium
685 1916 808 1981 rubore.
824 1917 862 1966 -'-
880 1915 970 1980 Haec
987 1919 1014 1980 si
1033 1917 1093 1982 diis
1109 1920 1236 1982 immor-

92 2019 233 2100 „talibus
251 2017 442 2081 obliniouam
459 2019 595 2082 afferunt
611 2015 822 2097 simultatum,
840 2019 867 2081 si
885 2039 928 2082 ex
946 2020 1127 2098 comoediis,
1145 2018 1236 2084 Atel·

12 2123 16 2130 '
92 2120 210 2203 ,‚lanis,
229 2122 330 2184 mimis
340 2119 455 2183 ducunt
470 2117 657 2183 laetissImas
675 2117 866 2200 voluptatem
885 2120 1143 2202 quidmoramini,
1163 2121 1237 2203 quid

92 2224 271 2304 „cassatis,
289 2224 363 2301 quin
381 2230 413 2285 et
429 2223 513 2302 ipsos
536 2221 646 2285 dicatis
668 2220 743 2284 deos
759 2218 886 2300 ludere,
913 2219 1078 2302 lascivire,
1105 2221 1234 2303 saltare,

92 2323 292 2404 „obscoenas
303 2324 502 2406 compingere
511 2324 672 2385 cantiones
683 2329 715 2384 et
724 2319 864 2385 clunibus
881 2321 1031 2386 fluctuare
1041 2319 1232 2402 crispatisi“
1262 2313 1266 2322 ’

92 2423 172 2488 Mea
199 2423 322 2505 quidem
348 2425 595 2486 sententiatum
619 2424 677 2486 vix
702 2424 864 2503 quisquam
890 2425 1061 2488 scribendis
1078 2423 1232 2489 Atellanis

91 2546 224 2606 operam
242 2525 345 2604 dedit,
373 2546 473 2605 nequa
490 2513 589 2610 magis
606 2533 730 2588 veteres
747 2522 913 2589 Atellanae
940 2525 1042 2589 editae
1060 2533 1151 2604 sunt',
1177 2526 1234 2591 sed

90 2626 184 2690 ludus
202 2629 234 2690 in
252 2625 384 2691 subitam
403 2629 578 2705 actionem,
604 2627 686 2689 unde
704 2635 791 2693 ortus
814 2634 881 2705 ast,
908 2626 1009 2690 denuo
1027 2627 1140 2706 rediit,
1166 2615 1234 2692 tur-⁶

89 2727 182 2809 pibus
200 2729 311 2807 dictis,
330 2728 556 2808 obscoenisque
575 2727 738 2810 cantibus,
763 2749 840 2807 prae
858 2729 970 2791 ceteris
995 2749 1071 2792 vero
1097 2727 1231 2793 ridicula

90 2829 330 2914 gesticulatione
346 2832 489 2912 insIgnis.
540 2827 568 2892 E
585 2835 692 2893 vetere
713 2850 801 2892 mora
818 2827 958 2893 Atellani
976 2837 1040 2893 tum
1059 2851 1181 2914 quoque
1198 2831 1232 2896 iu
1269 2877 1282 2893 .-

89 2929 158 2995 fiua
174 2931 318 2994 ludorum
334 2931 513 3008 intrabant,
530 2931 623 2994 ‘unde
639 2929 867 2995 Exodiarios
886 2951 939 2993 cos
956 2931 1042 3016 vulgi
1059 2955 1162 2997 sermo
1181 2956 1234 3015 ap-

88 3031 233 3115 pellavit.
277 3027 370 3106 Quod
397 3052 511 3095 nomen
536 3040 646 3111 quarto
668 3032 775 3096 seculo
798 3035 888 3095 unice
905 3035 938 3096 in
956 3055 1014 3095 usu
1031 3033 1127 3097 fuisse
1145 3035 1232 3098 vida·

88 3144 163 3212 tur,
189 3130 405 3195 Atellanarum
432 3134 514 3196 enlm
536 3152 649 3195 noman
675 3135 754 3214 apud
779 3131 870 3195 huius
893 3141 925 3196 et
942 3137 1100 3214 sequentis
1118 3137 1233 3198 aetatis
1341 3126 1345 3139 ⁸

89 3237 260 3315 scriptores
285 3234 402 3298 frustra
427 3254 568 3314 quaeres.
610 3231 760 3317 Legimus
785 3237 917 3315 primum
933 3233 1101 3300 Exodiarii
1118 3257 1232 3299 nomen

90 3335 176 3416 apud
193 3333 390 3400 Ammianum
406 3333 626 3398 Marcellinum
642 3333 809 3415 XXVIII,
826 3340 880 3411 263
898 3336 1003 3400 ubido
1020 3337 1149 3401 rudibus
1167 3335 1233 3418 pla·

88 3439 142 3502 bis
160 3437 308 3516 moribus,
328 3435 435 3517 quales
453 3437 570 3500 fuerint
579 3433 796 3500 Valentiniani
810 3445 925 3516 aetate,
944 3431 1096 3518 queritur:
1109 3435 1232 3518 ‘„Unda

88 3541 143 3619 „si
162 3538 202 3600 ad
219 3538 408 3603 theatralem
424 3545 550 3602 ventum
567 3537 664 3602 fuerit
680 3537 848 3618 vilitatem,
867 3536 1007 3606 artificas
1024 3541 1157 3618 scacarii
1174 3562 1230 3620 per

90 3637 228 3720 „sibilos
246 3639 474 3721 exploduntur,
496 3641 524 3702 si
542 3641 594 3719 qni
611 3638 671 3701 sibi
689 3659 762 3702 aare
780 3639 978 3704 humiliorem
995 3661 1059 3703 nan
1082 3641 1231 3706 concilia·

89 3743 196 3820 „verit
211 3740 344 3822 plebem.
396 3738 500 3803 Calai
518 3739 653 3805 defuerit
666 3743 834 3820 strepitus,
863 3741 903 3804 ad
920 3731 1127 3832 imitationem
1145 3739 1229 3808 'l'au-

88 3844 199 3922 ‚picae
216 3844 317 3925 gentis
334 3845 517 3927 peregrinos
535 3843 748 3906 vociferantur
764 3841 841 3922 pelli
858 3843 989 3922 debere,
1008 3864 1137 3923 quorum
1154 3843 1230 3908 sub·

88 3945 201 4024 „sidiis
219 3963 341 4023 semper
357 3948 415 4008 nisi
434 3951 507 4008 sunt
525 3967 563 4008 ac
579 3950 744 4023 steterunt,
767 3952 800 4007 et
815 3943 1050 4033 tetrisJyocibus
1071 3953 1103 4010 ot
1120 3945 1229 4010 absur-

88 4045 181 4125 „dis,
208 4067 287 4126 quae
313 4044 408 4130 longa
434 4045 602 4110 abhorrent
619 4069 639 4108 a
656 4046 766 4110 studiis
784 4054 817 4109 et
833 4045 994 4111 voluntate
1010 4050 1127 4112 veteris
1143 4045 1228 4109 illius

158 4267 219 4330 28⁶)
236 4269 353 4318 Martum
362 4273 402 4319 eat
411 4269 586 4318 Tertullianus
596 4283 662 4318 anno
672 4285 696 4332 p.
707 4273 735 4318 c.
745 4247 803 4319 220ss
848 4256 864 4286 '¹
895 4259 898 4268 ’
926 4270 930 4282 ’

992 4357 1014 4415 9
