2844 4950
662 270 713 342 27

118 519 208 562 verns
225 495 393 560 Atellanas
410 497 510 560 fuisse'
524 495 675 560 dicemus.
717 496 754 560 lu
773 495 916 560 Suetonii
931 495 1002 559 loco
1020 517 1098 562 voce
1115 495 1203 563 note
1218 499 1252 562 id

117 602 316 680 exprimitur,
345 599 424 679 qnod
442 597 577 662 Stievins
593 620 672 662 voce
689 599 864 664 exodium
886 595 1056 682 significari
1072 599 1155 680 vult,
1181 603 1203 662 i.
1222 623 1250 663 e.

40 772 44 777 ,
115 703 218 764 facete
236 709 270 765 ct
286 695 399 772 acerbe
417 700 570 779 quoddam
588 701 719 780 dicturus,
746 721 807 780 quo
824 698 1025 780 Imperatoris
1043 703 1178 780 nequitia
1194 723 1251 765 no·

114 805 249 867 turbatur.
292 801 329 865 Iu
345 799 503 866 luvenalis
520 801 592 865 loco
608 809 704 882 poeta
721 823 783 866 non
795 785 934 866 'dietario
953 802 1086 882 quedam
1103 803 1251 869 Urbicum

113 907 210 968 risum
227 906 362 968 movisse
380 905 471 984 dicit,
489 905 546 968 sed
564 905 646 984 quod
662 907 694 967 in
711 902 859 970 Atellano
876 911 985 984 partes
999 925 1095 988 egens
1112 905 1250 970 ridiculis

114 1006 251 1090 gestibus
269 1007 443 1084 depinxerit
458 1005 640 1070 Autonoen.
683 1005 720 1072 In
738 1005 868 1070 Sueten.
885 1005 1006 1070 Domit.
1033 1010 1087 1068 10=
1115 1007 1252 1085 „oceidit

115 1115 147 1172 et
163 1107 344 1182 Helvidium
361 1105 535 1191 fitiumu),
554 1111 642 1189 quusi
658 1111 782 1172 scenico
799 1107 916 1172 exodio
934 1107 991 1171 sub
1008 1127 1144 1187 persona
1160 1103 1250 1172 Pun-

114 1211 161 1273 dis
179 1219 212 1274 et
230 1209 379 1274 Oenones
406 1209 574 1274 divortium
599 1231 688 1274 sunm
714 1231 783 1274 cnm
799 1230 902 1274 uxore
918 1215 1100 1283 texessots‘t
1126 1216 1250 1274 senten·

113 1313 178 1375 tine
194 1315 291 1376 totius
307 1313 389 1376 ratio
406 1319 494 1376 vetet
519 1333 576 1376 uos
602 1313 642 1374 de
659 1311 810 1396 singulari
826 1311 960 1393 quodam
977 1312 1047 1374 ioco
1064 1313 1132 1375 sive
1150 1312 1249 1375 diote-

111 1416 159 1476 rio
176 1416 328 1499 cogitare:
354 1431 418 1478 non
435 1416 519 1478 enim
536 1415 619 1478 dicto
636 1413 817 1492 Helvidius,
844 1413 900 1476 sed
916 1419 985 1477 toto
1003 1423 1185 1496 argumento
1202 1414 1249 1476 le-

110 1515 222 1594 bulee‚
239 1518 272 1578 in
291 1535 352 1596 qna
367 1514 456 1579 Paris
472 1523 506 1578 et
523 1513 656 1580 Oenone
672 1517 837 1596 primariae
852 1518 958 1595 partes
975 1513 1121 1578 babuisse
1139 1515 1248 1580 viden·
1302 1516 1305 1526 ’

111 1625 176 1696 tur,
187 1616 369 1680 'Domitiani
387 1639 456 1680 uum
473 1615 614 1682 Domitia
630 1637 731 1681 uxore
748 1618 914 1682 divortium
931 1623 1108 1681 taxaverat.
1128 1615 1247 1680 Notum

111 1726 176 1796 est,
194 1717 339 1781 Paridem
357 1719 396 1782 ob
405 1717 548 1782 Helenae
565 1741 702 1785 amorem
712 1718 866 1783 Oenonen
882 1717 1048 1802 nympham
1059 1718 1245 1796 deseruisse,

111 1820 152 1883 cf.
172 1818 264 1883 Ouid.
282 1819 414 1886 Heroid.
437 1819 474 1884 V.
491 1819 673 1885 Atellanam
696 1819 774 1886 illud
795 1823 951 1886 scenicum
973 1820 1245 1896 excommunes,

110 1922 163 1984 vix
180 1923 289 1996 credo;
316 1922 408 2001 quale
429 1943 505 1986 vero
522 1923 617 1986 fuerit
633 1923 757 2002 drama,
780 1943 842 1988 uon
859 1921 960 1988 babeo
977 1923 1090 1987 dicere.
1134 1918 1245 2002 Neque

108 2025 208 2107 rnegls
225 2017 334 2088 Iuven'.
353 2023 420 2090 suf.
438 2023 495 2102 Ill,
513 2029 588 2089 1⁷5:

353 2121 354 2128 '
694 2131 779 2209 „ipse
797 2129 904 2190 dierum

318 2233 454 2292 festorum
471 2231 718 2304 herbosocolitur
734 2233 758 2292 ei
777 2231 887 2311 qnando
905 2231 1016 2292 tbeetm

317 2332 463 2404 molestes,
480 2331 649 2411 tandemque
668 2332 743 2392 redit
759 2331 796 2392 ed
813 2333 921 2410 pulpita
938 2343 1033 2392 notum

319 2431 463 2504 exodium,
483 2450 565 2512 quun
582 2451 723 2512 personne
740 2433 870 2513 pollentis
887 2434 992 2492 hiatum

316 2535 344 2592 in
364 2535 473 2612 gremio
490 2537 587 2606 metqie
604 2533 737 2594 formidat
758 2536 879 2594 rusticiu
896 2535 1032 2608 inlene;“

106 2634 224 2696 exodio
241 2629 399 2718 significet
415 2635 558 2714 antiquos
574 2636 662 2696 iocos
680 2641 713 2698 et
728 2635 822 2712 risus,
841 2637 892 2715 qui
909 2641 1020 2714 postes
1036 2631 1240 2700 inAtellnnee

104 2736 335 2814 inferebantur,
361 2757 426 2800 non
450 2745 556 2800 autem
581 2734 745 2800 Atellanae
771 2738 869 2816 ipsas,
896 2737 951 2801 sed
972 2735 1240 2817 potiuedabellnm

106 2838 274 2918 quandam,
293 2857 373 2918 qnae
388 2836 508 2901 Romae
526 2838 631 2901 exodii
646 2837 718 2901 loco
737 2839 787 2902 edi
803 2837 932 2917 soleret,
959 2841 990 2903 in
1009 2837 1147 2920 oppiduli
1164 2860 1239 2902 vero
1275 2843 1277 2847 ’

105 2939 229 3004 tbentro
255 2939 391 3004 herboso
417 2939 487 3004 sola
512 2941 552 3004 ad
576 2939 696 3022 pulpita
720 2943 853 3006 veniret.
899 2923 1007 3007 'Poeta
1033 2944 1117 3014 enim
1133 2941 1239 3004 verbis

104 3029 328 3123 tandemque
344 3042 442 3108 redit
460 3043 504 3105 ad
520 3041 664 3123 pulpito
680 3051 805 3108 notum
822 3041 1006 3108 Exodium
1026 3046 1187 3108 raritutem
1205 3051 1240 3105 et

103 3143 256 3208 vilitatem
272 3146 466 3208 scenicorum
482 3143 624 3207 ludorum
641 3144 779 3225 oppiduli
804 3147 917 3230 tangit:
943 3145 1165 3226 tandemque
1181 3165 1239 3208 re·

105 3247 173 3326 dit,
198 3253 271 3326 post
291 3245 419 3330 longum
440 3247 562 3310 demum
589 3254 725 3326 tempus,
752 3249 927 3314 exodium
944 3255 1082 3312 notum:
1108 3265 1181 3312 nam
1205 3249 1238 3310 iu
1334 3283 1337 3298 ·

102 3347 239 3428 parvulis
265 3343 383 3428 oppidis
408 3351 490 3412 viros
517 3369 581 3412 non
598 3347 766 3414 snffficiunt
781 3353 919 3431 pretioso
937 3351 1098 3431 apparatui
1114 3357 1239 3432 tragoe-

103 3451 223 3513 diarum
240 3451 445 3530 similiumque
471 3453 665 3514 scenieorum
682 3451 941 3531 spectaculorum,
967 3453 1070 3531 itaque
1089 3452 1238 3514 exodium

103 3553 279 3631 producitur
294 3553 387 3634 idque
402 3554 466 3616 iam
482 3555 603 3632 saepius
622 3559 738 3631 aetum,
755 3553 826 3616 ideo
846 3559 965 3631 notum,
983 3554 1065 3634 quod
1082 3551 1237 3618 sinornul·

103 3657 143 3717 tis
159 3654 313 3737 sumtibus
340 3662 373 3718 et
389 3673 408 3716 a
425 3654 577 3717 tironibus
592 3657 695 3724 ,etiam
717 3658 794 3720 artis
816 3656 958 3718 scenicae
984 3656 1035 3741 egi
1059 3662 1177 3736 potest3
1203 3661 1238 3718 ut

102 3756 167 3820 fere
178 3758 267 3837 'apud
284 3771 341 3820 nos
358 3755 461 3820 solent
471 3755 677 3820 theatralium
702 3777 806 3820 rernm
823 3758 953 3822 studiosi
970 3760 1002 3821 in
1020 3757 1172 3840 oppidults
1190 3758 1238 3820 ln·

102 3856 202 3922 bellas
220 3857 379 3924 breviores
397 3857 481 3922 solas
500 3881 609 3943 agere,
628 3882 706 3940 quae
723 3861 757 3924 in
774 3860 902 3924 urbibus
920 3857 1114 3926 solummodo
1131 3857 1171 3924 ab
1188 3859 1237 3922 hi·
1316 3880 1319 3888 ¹

102 3959 270 4024 strionibus
296 3962 463 4026 maioribus
490 3961 672 4042 spectaculis
699 3962 854 4026 adduntur
884 3961 924 4026 sd
948 3961 1090 4030 ludorum
1115 3953 1235 4041 tempus

168 4221 212 4280 τί)
230 4222 288 4268 Non
305 4220 488 4284 tnniiRnetiot,
507 4224 536 4269 ut
554 4221 775 4285 oeneetstieriue,
794 4223 1059 4284 eedtielr'idtit’riee13
1078 4223 1111 4271 ct.
1124 4219 1192 4281 Lipr.
1203 4219 1235 4268 ed

102 4288 182 4336 Tacit.
190 4290 274 4349 agric.
284 4292 315 4337 45
327 4292 352 4337 et
360 4289 424 4337 Plin.
434 4291 515 4350 Epist.
523 4291 569 4352 nt,
582 4292 622 4339 1³.
746 4307 749 4316 ’
