2840 4948
638 275 709 348 113

568 373 778 388 ffl-

109 504 249 568 iactiteta
264 500 397 566 ridicula
413 501 542 566 desiisse
558 500 649 566 nobis
666 497 819 586 fingemus
836 519 898 564 non
916 501 984 564 sine
1001 499 1243 582 dolor-sepsere·-

108 610 227 684 torum,
257 607 308 684 qni
323 616 541 684 quererentur,
567 605 600 666 in
617 601 740 683 scriptis
754 601 871 666 iubulis
888 601 1114 682 quodammodo
1137 602 1240 666 innni·

108 712 219 770 natam
237 727 305 770 esse
323 707 441 784 antiqui
467 703 553 768 lusus
570 707 701 790 gratiam
723 712 758 768 et
773 702 978 768 dulcedinem.
1020 703 1130 783 ltaque
1145 703 1241 768 Pom-¹

108 809 220 888 posius
238 805 411 886 aequalium
428 807 582 870 desiderio
600 813 633 869 et
648 803 801 870 voluntati
822 827 1004 870 occumurus
1022 804 1168 870 Setinum
1185 824 1241 868 ena·
1333 823 1336 833 ¹

108 909 248 989 tiquam,
265 911 286 972 i.
306 931 334 972 e.
352 906 460 972 ludum
476 909 570 972 istum
585 910 731 971 iuvenum
746 907 880 972 liberum
903 915 935 983 et
952 909 1110 987 antiquum
1127 903 1241 970 fabulis

110 1011 174 1072 arria
191 1008 342 1074 Atellanis
359 1011 480 1089 scriptis
497 1010 811 1090 tunquam'exodiusn
828 1009 965 1087 eddidit,
991 1009 1085 1089 idqde
1101 1009 1160 1072 tuit
1177 1009 1243 1072 eius

109 1107 268 1176 inv'entom
285 1131 398 1192 novum
417 1133 512 1191 opus,
535 1132 595 1190 quo
613 1133 684 1174 eum
701 1109 977 1174 commendabilem
996 1111 1072 1175 dicit
1088 1108 1243 1174 Velleius.

109 1210 248 1276 Primum
265 1233 328 1276 non
345 1213 582 1288 animadvertit,
607 1209 655 1274 illi
671 1211 770 1292 plebis
787 1212 944 1276 desiderio
966 1218 999 1276 et
1014 1211 1170 1276 voluntati
1189 1231 1242 1274 se·-

109 1313 269 1378 tisiactum
285 1333 355 1376 esse
367 1311 486 1392 Mirni's,
505 1315 566 1394 qai,
584 1319 620 1376 ut
635 1313 747 1376 Festus
765 1315 820 1392 uit,
837 1315 871 1376 in
888 1312 1048 1377 orebestre
1063 1313 1243 1394 prodibunt,

111 1415 185 1478 dum
193 1416 277 1479 intus
286 1421 372 1478 actus
389 1413 516 1478 iebulae
530 1423 803 1494 componerentur,
822 1414 1048 1478 communibus
1065 1416 1243 1493 obscoenis,

112 1517 274 1596 quodiam
291 1514 339 1579 M.
350 1513 479 1578 Catonis
496 1523 529 1579 et
536 1515 676 1580 Africani
693 1515 883 1598 temporibus
898 1516 953 1580 uel
966 1523 1039 1580 ante
1057 1537 1111 1579 eos
1128 1517 1244 1580 iactum

112 1639 183 1681 esse
209 1616 354 1698 probavit
379 1615 514 1680 Stievius
540 1616 736 1698 laprio.
787 1615 912 1682 Deinde
936 1637 1000 1682 non
1025 1619 1139 1698 video,
1154 1637 1245 1697 ¹quc·

11 1778 13 1788 ,
50 1771 53 1784 ,
110 1719 206 1782 modo
232 1717 287 1780 illa
310 1720 456 1782 iuvenum
472 1719 621 1800 ridicula,
647 1741 727 1801 quae
753 1721 866 1786 exonie
886 1722 1004 1786 fuerint
1019 1718 1245 1800 Atellannnnn,

111 1817 253 1906 ¹Velleius
280 1841 356 1902 opus
373 1818 536 1900 Pomponii
562 1822 666 1888 dicere
687 1825 804 1904 possit,
830 1825 891 1889 nisi
911 1821 1090 1908 Sebobems
1107 1828 1246 1888 conten·

113 1921 186 2002 dat,
213 1919 418 2002 Pomponium
434 1921 491 1986 hus
509 1925 667 2004 antiquas,
693 1931 730 1988 ut
751 1927 811 2004 ait,
825 1924 959 1999 ¹Seliras
984 1925 1107 2004 litteris,
1123 1946 1246 2006 compo·
1298 1941 1301 1958 ’

112 2025 223 2087 suissc.
265 2021 308 2086 Et
331 2023 466 2086 sortasse
491 2027 661 2088 testimonii
688 2047 783 2090 cause
808 2029 946 2114 proferet
971 2027 1126 2107 Satirarn,
1153 2048 1247 2108 quesn

112 2111 317 2208 Pdmponiunr
343 2126 520 2209 scripsisse,
547 2148 565 2188 e
581 2124 740 2192 Prisciano
766 2147 796 2210 p.
815 2133 886 2196 679.
903 2137 935 2194 et
952 2134 1014 2197 726
1031 2129 1159 2195 Putscb.
1186 2132 1247 2197 eci·

112 2247 193 2290 mus.
236 2225 278 2290 At
302 2233 370 2290 turn
386 2229 450 2289 iam
465 2228 642 2306 potuissent
662 2235 854 2310 spectatores
873 2233 968 2298 etiam
985 2233 1093 2312 queri,
1119 2233 1153 2294 in
1170 2233 1249 2297 scri·

111 2329 174 2408 plis
193 2326 305 2389 Satiris
323 2327 550 2406 quodammodo
567 2330 761 2393 imminutam
780 2351 850 2395 esse
867 2333 991 2412 antiqui
1006 2331 1094 2399 lusus
1111 2334 1246 2415 peusin

116 2436 150 2491 et
168 2425 380 2516 duloedinems
393 2449 494 2508 neque
511 2429 618 2506 video,
641 2429 811 2509 quomodo,
838 2453 932 2510 quum
949 2438 1060 2515 neget,
1086 2454 1177 2512 curn,
1196 2435 1249 2513 qui

112 2515 231 2611 primus
249 2526 414 2592 Atellanus
432 2530 607 2608 scripserit,
634 2532 830 2596 inventorem
848 2533 914 2610 dici
930 2539 1042 2614 posse,
1068 2534 1160 2598 nobis
1178 2555 1250 2615 per·
1293 2527 1295 2542 ¹

113 2630 246 2695 suadere
265 2629 358 2710 velit,
384 2626 726 2710 Pomponium‘Sutiras
743 2632 932 2698 scribentem
948 2643 1034 2700 recte
1051 2639 1249 2702 inventorem

113 2733 195 2812 dici,
221 2731 405 2812 praesertim
423 2753 517 2812 quum
534 2735 596 2796 iam
620 2740 691 2798 ante
710 2755 782 2798 eum
797 2723 936 2816 Ennius,
962 2727 1117 2802 Pacuvius
1134 2738 1250 2820 aliique

115 2833 235 2897 Satires
261 2835 450 2913 scripserint.
494 2832 671 2906 Contendet
695 2837 848 2918 fortasse,
872 2837 1044 2905 'novitatem
1061 2844 1163 2922 operis
1185 2863 1249 2904 non

114 2937 295 3029 inscriptis
321 2933 452 3013 Satiris,
483 2937 540 2998 sed
568 2938 601 3001 in
628 2941 846 3004 coniunctione
871 2941 1035 3006 Atellanae
1066 2951 1100 3006 et
1124 2943 1249 3008 Satirae

115 3035 326 3118 quaerendum
352 3041 452 3099 e‘ss'e.'
474 3037 516 3100 At
541 3059 585 3100 ex
609 3039 705 3119 ipsius
732 3044 886 3106 sententia
912 3039 1076 3120 olintum
1098 3049 1169 3107 cu‘m
1185 3051 1250 3107 tra·

110 3138 230 3222 'goedie
240 3134 329 3216 ²⁷⁵),
347 3137 379 3199 et
394 3137 507 3200 deiude
525 3158 594 3208 curn
604 3137 750 3204 Atellaua
767 3163 809 3206 ex
826 3145 963 3223 tempore
977 3131 1048 3206 a‘c'td
1065 3147 1250 3208 coniunctae

116 3243 226 3316 erant,
245 3255 345 3316 neque
357 3227 466 3318 'potest
481 3242 645 3304 restitutor
661 3245 807 3324 antiquae
828 3247 877 3308 rei
892 3233 1037 3310 inventor
1053 3248 1128 3310 novi
1145 3249 1249 3326 operis
1332 3252 1335 3256 ’

112 3339 193 3404 dici:
231 3333 304 3402 Huic
314 3340 452 3419 vaccent,
471 3341 552 3421 qnod
568 3337 812 3424 Novius,''qs'1em
829 3339 1027 3412 tameu³ante
1044 3346 1250 3428 Pomponium

114 3443 235 3504 uixisse
251 3448 358 3520 putat,
378 3444 472 3505 etiem
489 3441 648 3508 Exodiur'n
664 3449 789 3526 scripsit
800 3450 883 3543 Μ).
926 3449 977 3513 Αιι
995 3449 1095 3528 dicet,
1113 3447 1250 3514 Novium

116 3547 151 3605 et
167 3540 371 3621 Pomponium
387 3531 730 3628 peres.⁴‘1l0viunque
755 3551 789 3613 iri
814 3541 985 3614 scribendis
1003 3549 1125 3616 ex'odiis
1146 3553 1251 3616 imita·
1380 3593 1382 3601 ι
1414 3515 1416 3532 Ι

113 3649 219 3707 'torem
235 3643 397 3724 Pomponii
413 3642 529 3709 irrisuri
554 3689 555 3692 =
573 3643 664 3722 Quae
685 3649 713 3712 si
729 3643 948 3732 ‘contenderem
974 3670 1037 3716 non
1054 3646 1167 3734 video,
1195 3676 1251 3718 our
1342 3699 1346 3709 ι

116 3751 231 3828 neget,
249 3749 332 3826 quod
350 3767 409 3831 ego
426 3746 533 3828 volui,
559 3749 724 3831 utrumme
742 3746 849 3831 parem
866 3753 983 3833 fcisse,
1010 3751 1146 3820 Notium
1171 3778 1250 3820 vero

35 3929 42 3942 Ι
116 3845 487 3927 Pomponium‘seoutmn
514 3871 583 3915 esse
608 3855 641 3916 in
662 3849 832 3918 scribendis
849 3849 1014 3920 Atellanis.
1057 3855 1126 3924 Iarn
1141 3861 1169 3921 si
1186 3865 1250 3922 ste·

117 3951 254 4025 trimus,
280 3949 312 4011 id
339 3951 421 4029 quod
447 3953 541 4016 etiam
558 3950 711 4019 Schoberi
731 3959 887 4020 sententia
904 3978 973 4022 esse
989 3959 1132 4040 videtur,
1158 3957 1250 4021 Pom·

173 4189 251 4249 urs)
267 4187 597 4255 serenissimaeque·
695 4165 752 4216 ⁵¹
784 4233 785 4236 ,
906 4202 910 4212 ’

188 4273 249 4336 zib)
266 4275 339 4336 Apud
347 4277 412 4324 Non.
422 4278 466 4341 39,
483 4281 530 4336 27;
549 4283 594 4343 96,
612 4284 658 4341 19;
677 4281 739 4347 116,
757 4279 803 4341 243
822 4285 882 4347 245,
901 4284 947 4342 293
966 4285 1024 4346 575,
1042 4285 1084 4336 24,

1022 4369 1042 4425 8
