2840 4948
530 202 682 304 ‘oo

184 455 293 521 Restat
309 459 387 534 iam,
404 463 439 520 ut
454 453 566 535 aliquid
585 457 624 519 de
640 455 854 532 Atellanarum
871 479 963 520 scena
980 467 1012 522 et
1028 463 1151 524 scenico
1167 483 1221 542 ap·

101 567 210 638 paratu
228 559 385 623 addamus.
428 555 520 620 Patet
537 578 578 620 ex
595 560 652 636 iis,
676 579 754 637 quae
771 579 863 636 supra
880 557 920 619 de
937 571 1115 640 argumento
1133 561 1222 625 Atel·

101 659 242 722 lanarum
258 659 492 738 disputavimus,
511 681 565 721 eas
582 659 649 722 lere
667 663 749 722 circa
765 681 816 721 res
832 659 965 721 rusticas
983 669 1120 724 versatas
1138 685 1221 735 esse;

99 763 206 840 itaque
223 768 343 824 actores
359 762 521 840 praecipue
537 761 670 822 rusticos
687 760 826 822 homiues
843 761 1129 852 repraesentabant.
1160 763 1222 826 Sed

99 862 159 924 sub
177 885 248 924 rure
264 861 375 925 latiora
393 861 516 942 quidem
534 883 628 925 sensu
644 882 705 924 non
723 861 938 924 tantummodo
965 855 1057 944 agros
1078 869 1111 925 at
1126 885 1223 943 pagos

98 961 317 1053 intelligimus,
344 963 400 1026 sed
417 962 561 1044 oppidula
576 960 652 1041 illa,
678 962 787 1040 quibus
805 959 917 1040 ltalia,
935 963 1074 1040 inprimis
1093 961 1225 1041 Campa·
1250 973 1256 978 '

100 1066 153 1126 nia
170 1063 365 1143 abundabat,
390 1065 555 1144 municipia
581 1063 724 1141 etiosa,
752 1081 880 1142 quorum
904 1061 1044 1140 incolae,
1071 1069 1106 1126 ut
1121 1061 1226 1126 solent

101 1165 279 1245 oppidulaui
288 1211 298 1244 ,
316 1165 505 1229 urbanorum
521 1167 618 1245 inepti
635 1163 768 1242 aemuli,
786 1161 911 1256 largam¹
922 1163 1044 1227 ridendi
1060 1155 1226 1229 materiam

99 1266 284 1330 offerebant.
334 1264 410 1329 Non
431 1269 531 1349 potuit
555 1269 649 1350 igitur
672 1263 757 1344 fieri,
784 1266 855 1344 quin
872 1263 1023 1344 Romani,
1048 1265 1226 1330 urbanitate

62 1422 67 1430 .
99 1389 159 1430 sua
175 1389 236 1431 non
252 1389 361 1448 parurn
378 1367 605 1448 superbientes,
630 1366 712 1430 male
738 1368 903 1429 concinnos
929 1373 960 1430 et
976 1369 1097 1447 ineptos
1115 1365 1227 1430 horum

99 1468 259 1534 hominurn
276 1492 379 1534 mores
395 1472 543 1533 riderent.
592 1466 668 1549 Quis
686 1470 767 1530 enim
784 1466 1015 1550 Romanorum,
1029 1476 1064 1532 ut
1081 1467 1226 1548 exemplo

99 1578 191 1650 utar,
210 1593 273 1634 non
291 1573 355 1634 risu
370 1573 521 1652 rupisset,
539 1573 674 1650 siquem
691 1569 905 1647 candidatum,
925 1567 1047 1649 qualem
1063 1568 1227 1650 Pomponii

101 1669 233 1734 Cretula
258 1680 290 1736 et
310 1672 433 1752 Pappus¹
446 1673 629 1753 praeteritus
656 1679 688 1734 et
703 1668 799 1733 Novii
816 1671 954 1752 eiusdem
971 1672 1104 1734 nominis
1120 1669 1228 1734 fabula
1276 1745 1280 1750 Ι

100 1772 317 1851 ostendebant,
334 1772 411 1838 viles
428 1775 584 1854 municipii
601 1773 736 1836 honores
755 1773 944 1836 ambientem
961 1770 1055 1834 simili
1072 1774 1226 1856 gravitate

43 1878 47 1892 “
98 1895 157 1953 per
173 1895 279 1938 omnes
296 1877 381 1939 vicos
405 1882 590 1959 vagantem,
615 1875 786 1953 iisdemque
812 1875 931 1938 artibus
955 1881 1108 1952 utentem,
1139 1895 1175 1936 ac
1201 1875 1228 1936 si

98 1973 274 2039 Romanurn
300 1975 492 2040 consulatum
515 1982 653 2056 peteret,
688 1973 839 2038 vidissett
883 1974 950 2040 lans
975 1997 1068 2056 supra
1093 1959 1257 2054 ostendis

98 2077 211 2139 borum
236 2077 469 2158 oppidulorum‚
495 2101 573 2160 quae
599 2077 639 2141 ob
657 2076 803 2142 ridiculos
830 2077 941 2140 civium
957 2099 1061 2140 mores
1079 2076 1227 2140 Romanis
1302 2109 1305 2116 ·

97 2179 176 2241 risui
194 2174 226 2241 et
241 2175 374 2241 ludibrio
393 2187 499 2258 erant,
516 2177 652 2242 Atellam
670 2187 815 2258 tanquam
833 2177 993 2256 exemplar
1008 2179 1124 2258 fuisse,
1146 2179 1227 2242 unde

97 2279 218 2340 factum
236 2285 301 2356 est,
318 2286 354 2341 ut
371 2282 450 2342 istae
466 2279 615 2343 ridiculae
632 2301 794 2360 personae,
813 2279 919 2358 quibus
936 2281 968 2341 in
985 2277 1138 2342 Atellanis
1156 2303 1228 2360 pur·

98 2385 151 2440 tes
177 2377 279 2457 erant,
313 2377 418 2442 Atella
443 2388 530 2442 ortae
554 2373 763 2463 fingerentur,
798 2386 833 2441 ut
859 2379 939 2458 apud
964 2386 1110 2460 reeentes
1131 2378 1228 2444 Italos

92 2478 203 2541 ¹Zanni
227 2477 452 2562 Bergamenses
477 2481 629 2542 dicuntur.
681 2479 757 2543 lude
782 2487 886 2544 tamen
911 2500 974 2544 non
1003 2469 1229 2545 coniiciendum

97 2588 159 2658 est,
177 2601 303 2642 scenam
319 2601 440 2660 semper
447 2579 571 2644 Atellae
587 2580 694 2659 luisse,
712 2581 786 2643 licet
802 2583 964 2658 primariae
982 2602 1132 2663 personae
1141 2581 1230 2646 Atel-

96 2681 192 2744 lanua
209 2681 338 2760 fuerint,
357 2683 424 2761 sed,
441 2688 476 2746 nt
493 2690 577 2745 certe
596 2679 679 2745 tituli
695 2679 870 2766 fabularum
879 2686 995 2746 servati
1004 2684 1131 2748 demons
1183 2693 1228 2765 nt,
1293 2679 1311 2696 ⁸

97 2805 214 2847 scenae
239 2781 325 2846 locus
352 2804 448 2863 aeque
472 2782 628 2848 mutabilis
656 2789 737 2862 erat,
772 2805 809 2846 ac
833 2781 1007 2846 fabularum
1034 2692 1227 2870 argumeffta,

96 2887 180 2948 sicut
200 2884 292 2947 hodie
310 2886 403 2948 etiam
420 2887 451 2947 in
468 2884 617 2948 Italorum
633 2882 783 2948 similibus
799 2882 921 2948 fabulis.
964 2884 1057 2950 Actio
1076 2892 1159 2951 enim
1176 2897 1229 2952 aut
1322 2895 1326 2906 “

95 2989 133 3048 ἱιι
151 3007 225 3069 agro
243 2982 355 3066 fiebat,
381 2994 416 3049 ut
432 2988 464 3048 in
482 2985 646 3066 Pomponii
662 2984 825 3070 Agricola,
852 2994 905 3048 aut
925 2989 959 3049 in
978 2985 1117 3066 Oppido,
1142 2997 1179 3052 ut
1195 2992 1228 3052 in

76 3087 206 3167 ,Pappo
223 3091 408 3167 praeterito,
433 3089 465 3149 in
485 3085 627 3164 Cretulo,
654 3088 686 3149 iu
703 3085 838 3149 Aedituo
860 3071 1083 3172 ιιΙίἱιιιιιῐῖἳΜ).
1128 3087 1229 3154 Oscas

95 3210 249 3270 personas
266 3187 317 3252 vel
333 3191 434 3268 patria
449 3186 560 3251 relicta
578 3189 1228 3266 nonnunquaminterexterosintroductas

97 3311 186 3368 essa,
212 3297 297 3369 patet
314 3312 332 3352 c
349 3287 460 3368 titulis,
487 3298 522 3351 ut
539 3288 703 3370 Pomponii
718 3286 830 3350 Macco
849 3287 952 3351 exule.
995 3288 1104 3370 Neque
1121 3293 1227 3373 video,

96 3391 173 3473 quid
189 3391 399 3469 impediverit,
426 3392 586 3470 quominus
608 3388 754 3453 ridiculas
771 3392 847 3453 istas
864 3412 1011 3471 personas
1028 3390 1080 3455 vel
1097 3390 1227 3458 Romam

96 3491 327 3570 transtulerint,
355 3513 444 3570 quum
472 3499 578 3555 earum
603 3483 758 3554 rusticitas
784 3493 972 3575 urbanorum
989 3490 1147 3558 burdinum
1166 3493 1228 3558 ele-

99 3595 225 3678 gantiae
243 3595 386 3674 opposita
401 3596 538 3673 inprimis
556 3596 662 3656 iocosa
673 3613 827 3673 vapparere
845 3593 995 3658 debuerit.
1039 3593 1122 3658 Hinc
1139 3596 1227 3662 Atel-

97 3693 174 3758 lana
190 3694 413 3775 quodammodo
432 3717 502 3762 curn
517 3694 626 3758 fabula
643 3701 751 3778 togata
768 3695 931 3757 coniuncta
948 3704 1016 3776 est,
1035 3697 1117 3759 unde
1133 3682 1227 3762 facile

99 3793 172 3858 fieri
180 3798 291 3877 potuit,
304 3804 339 3860 ut
348 3796 534 3878 Pomponius
544 3798 638 3860 etiarn
647 3803 821 3882 togatarum
832 3797 963 3877 scriptor
971 3795 1157 3864 haberetur²
1165 3806 1178 3843 ⁰
1186 3801 1225 3884 5)’.

100 3960 309 3975 m-

146 4051 283 4129 χ204)«Ι)ιι
290 4055 318 4101 1..
327 4053 412 4116 Pomp.
426 4072 451 4118 p.
460 4060 499 4104 bt.

168 4155 229 4220 205)
247 4155 331 4205 Schul.
339 4158 401 4205 Hor.
412 4159 505 4217 Gruqu.
523 4175 546 4218 p.
557 4161 605 4206 632
624 4159 662 4208 ed.
673 4163 749 4209 1611:
767 4141 962 4222 „Praetextatus
972 4163 997 4208 et
1006 4163 1106 4220 togatae
1116 4157 1225 4218 scripse-

101 4224 333 4286 turrecremata,
352 4225 579 4288 AntoniurRutus‚
599 4231 642 4276 Cn.
653 4229 784 4289 Melissea,
802 4229 934 4290 Afranius,
952 4229 1099 4286 suranus,
1117 4228 1226 4287 Pompo-

558 4389 564 4404 “
588 4388 614 4460 Χ
