2840 4948
703 295 776 368 112

175 519 394 610 „supamtan
409 526 483 587 sunt
498 537 542 585 cx
557 525 698 603 tempora
713 517 896 605 agentibus,
914 539 994 602 quac
1009 519 1078 602 ipra
1092 537 1144 585 res
1160 519 1194 583 in
1211 539 1306 586 cansa

176 629 297 712 „indm
320 623 463 704 videtur,
492 629 528 686 nt
552 625 681 704 scriptas
707 623 802 687 cdere
826 620 953 687 fabulas
974 619 1139 690 Atellanos
1165 625 1305 708 aggressi

174 729 400 812 „nictirootua
443 723 506 788 Sed
529 721 624 808 longe
649 722 712 788 alia
735 724 797 788 init
813 722 947 788 Saturae
962 723 1195 803 antiquissimae
1210 726 1305 803 ratio,

176 851 292 914 „qnam
307 829 417 906 Livias
433 823 511 905 Vll,
527 829 548 886 2
566 823 712 889 exodium
729 823 917 906 appellatam
933 833 966 889 et
980 823 1304 905 fabulis'potissimmu

175 931 354 1015 „Atellania
379 934 555 993 consertam
580 947 649 991 esne
674 934 791 991 nutat.
832 923 916 991 Nam
937 925 1067 991 ridicula
1086 928 1148 990 ista
1165 926 1304 992 versibus
1402 949 1403 952 ¹

176 1037 322 1117 „intexta
338 1049 430 1112 mum
446 1033 533 1093 more
551 1029 676 1108 antiquo
701 1030 913 1109 iactarentnr,
940 1026 1032 1093 nullis
1057 1026 1190 1092 vinculis
1212 1049 1306 1108 prae·

88 1163 89 1170 ¹
175 1135 297 1218 „pediti
311 1133 411 1198 libore
429 1149 596 1194 excurrere
619 1137 654 1194 ct
670 1131 765 1194 acini
789 1132 937 1212 impetum
953 1131 1041 1212 sequi
1056 1137 1202 1210 poterant
1216 1137 1305 1194 acto-

162 1235 272 1321 '‚;nes,
290 1255 351 1317 quo
367 1236 399 1298 in
415 1229 487 1298 lusu
504 1237 619 1313 quanta
632 1231 729 1296 fuerit
744 1234 863 1316 gratia,
882 1239 1012 1314 quantun
1028 1231 1128 1314 lepor,
1144 1229 1238 1295 facile
1253 1233 1303 1296 in.
1402 1251 1403 1276 u

176 1337 366 1422 „telligitnr3
391 1332 464 1399 Itali
481 1335 564 1398 enin
580 1331 673 1398 lrodie
690 1335 784 1398 etiam
799 1336 877 1399 iocis
898 1342 932 1398 et
946 1333 1067 1400 facetiis
1082 1333 1258 1399 redundant
1273 1340 1306 1398 et

176 1441 281 1525 „mira
306 1437 437 1520 quadam
461 1455 569 1501 veram
595 1455 639 1500 ex
660 1444 802 1518 tempore
825 1435 976 1500 fundendi
999 1421 1149 1500 facultate
1173 1435 1305 1516 praediti

176 1549 283 1626 „sunt
325 1537 467 1604 Ridicula
483 1537 539 1602 illa
555 1551 679 1618 semper
692 1559 735 1602 ex
752 1546 891 1618 temporo
907 1547 979 1602 acta
994 1537 1090 1602 fuisse
1106 1535 1184 1602 ncilri
1200 1537 1305 1602 viden-

178 1653 269 1730 „tun
294 1644 401 1722 itaque
417 1661 509 1722 qnam
525 1635 683 1704 Atellanis
704 1647 845 1704 conserta
862 1646 986 1720 essent,
1011 1641 1044 1704 in
1060 1659 1175 1724 magna
1189 1640 1305 1703 nnius·

178 1767 263 1831 ‚,que
287 1745 412 1830 generis
436 1739 639 1806 similitudine
660 1745 694 1803 et
710 1743 891 1824 cognatione
907 1738 1052 1805 satisfieri
1067 1742 1170 1822 potuit
1185 1742 1236 1820 iis,
1253 1741 1305 1821 qui

179 1851 422 1933 ‚,qucrcrentnr,
446 1843 479 1906 in
503 1843 627 1923 scriptis
652 1839 766 1907 fabulis
783 1843 1005 1920 quodammodo
1023 1843 1217 1906 imminutam
1235 1863 1304 1906 esso

178 1949 322 2034 „antiqui
337 1945 423 2010 lusu!
439 1945 571 2029 grafium
588 1950 622 2008 θῐ
637 1940 844 2008 dulcedinem·
865 1937 898 2006 ll
913 1945 1047 2025 primum
1063 1945 1199 2010 sensisse
1210 1942 1306 2008 Pom.

179 2052 329 2134 „ponium
347 2055 380 2112 et
395 2045 510 2110 Satura
527 2047 654 2127 antiqua
668 2043 783 2109 fabulis
798 2039 950 2110 Atelloris
970 2054 1115 2112 conuenta
1131 2043 1305 2126 aeqnnlium

179 2149 360 2237 „desiderio
385 2169 423 2212 ao
446 2144 600 2212 voluntati
616 2147 806 2224 occurrisse,
831 2145 1055 2226 cracatonno,
1081 2147 1222 2228 profecto
1241 2167 1304 2210 non

130 2289 135 2338 ,s
179 2261 272 2338 „aa
297 2251 381 2334 quod
397 2249 532 2330 diutins,
558 2270 618 2331 qua
642 2251 676 2314 in
690 2269 728 2313 re
744 2247 847 2328 operia
865 2243 905 2308 ab
922 2264 962 2308 eo
978 2249 1093 2314 aranti
1108 2249 1233 2340 novitas
1249 2268 1303 2329 po-

180 2359 268 2442 „srta
283 2355 396 2433 emt,
414 2349 500 2416 ruso
517 2351 831 2432 assumpseramus

122 2453 139 2492 ¹
233 2509 235 2514 .
267 2455 446 2531 Confiteor,
471 2475 522 2518 mc
546 2454 735 2518 sententiam
759 2454 825 2515 eius
850 2471 914 2515 non
931 2448 972 2514 ab
987 2453 1069 2516 omni
1085 2461 1174 2535 parte
1189 2452 1306 2520 intolli-

131 2547 142 2642 ξ’
179 2565 291 2650 gere.)
306 2558 397 2623 Haeo
413 2555 490 2620 milri
505 2555 622 2618 sentire
638 2552 774 2617 videtur:
799 2551 968 2632 Postquam
985 2551 1094 2620 Livius
1109 2553 1305 2619 Andronicus
1401 2625 1402 2636 ἶ

133 2646 140 2702 3
180 2666 363 2746 argumento
389 2653 528 2721 fabulam
552 2675 658 2719 serore
683 2659 845 2733 coeperat,
869 2655 998 2718 iuvenes
1018 2654 1153 2721 Romani
1178 2658 1305 2738 antiqno

64 2845 69 2852 ¹
139 2752 141 2759 ¹
179 2783 268 2830 more
285 2758 426 2825 versibus
442 2755 580 2820 ridiculis
595 2753 799 2835 iocabantur,
815 2775 895 2835 quae
911 2776 1008 2839 nugae
1024 2756 1136 2823 deinde
1152 2755 1306 2822 Atellania

180 2885 224 2929 ex
239 2871 379 2944 tempore
395 2860 474 2922 actis
491 2856 618 2921 additae
634 2863 716 2922 nunt
760 2853 900 2940 Colligo,
917 2855 999 2921 hanc
1014 2880 1081 2924 ense
1098 2860 1164 2923 cius
1181 2867 1306 2924 senten·

145 3045 149 3060 i
179 2969 256 3045 tiara
281 2986 300 3031 e
324 2961 396 3027 loco
421 2961 462 3026 de
485 2957 587 3023 Eroti.
612 2980 644 3039 1³·
670 2961 726 3037 22,
760 2955 816 3020 nbi
840 2957 929 3022 dicit:
963 2957 1023 3039 „ln
1040 2958 1194 3026 Atellanis
1211 2962 1305 3038 enim,

178 3085 387 3150 „quamnam
404 3069 586 3150 argrrmento
601 3058 802 3139 serebantur,
827 3065 934 3124 tamen
959 3073 1047 3141 quom
1061 3063 1152 3128 initio
1169 3082 1210 3126 ex
1226 3069 1306 3126 tem·

148 3218 151 3254 ζ
179 3191 280 3252 „porc
303 3174 488 3253 agerentur,
514 3186 578 3229 non
601 3163 649 3228 ita
673 3162 838 3243 disponitur
859 3161 954 3226 fnisse
979 3183 1028 3226 res
1052 3171 1145 3247 atquc
1170 3165 1254 3228 inter
1270 3184 1305 3228 ne

179 3270 381 3354 „cohaesisse
400 3265 575 3334 verisimile
587 3272 658 3346 est,
680 3271 716 3328 ut
732 3258 804 3328 non‘
810 3263 966 3328 interdum
982 3261 1095 3344 aliquid
1111 3265 1307 3330 desiderare·

175 3371 264 3455 '„tur.
303 3371 406 3453 Atque
423 3370 464 3434 ad
480 3367 634 3434 eiusmodi
651 3365 738 3446 qnasi
753 3362 879 3430 lacunas
896 3362 1085 3445 explendas,
1103 3375 1138 3432 nt
1153 3366 1307 3432 haberent

176 3473 412 3556 '„spcctatoras‚
439 3491 499 3553 qao
516 3469 640 3534 interim
658 3467 777 3532 animos
796 3463 1003 3546 oblectarent,
1028 3466 1162 3538 ridicula¹
1175 3471 1305 3547 inserto,

178 3576 257 3656 „ubi
272 3596 348 3641 vero
364 3596 438 3640 usus
455 3572 516 3639 hoc
532 3592 596 3637 non
614 3568 783 3653 exigebat,
809 3567 842 3630 in
866 3564 931 3630 fine
947 3565 1022 3632 mihi
1039 3574 1111 3631 acta
1126 3569 1306 3633 videntur.“
1400 3629 1401 3638 ,

177 3677 215 3742 In
231 3676 301 3743 loco
317 3699 392 3744 vero
417 3697 512 3758 supra
536 3675 630 3738 citato
657 3665 925 3735 animaretur
942 3665 1057 3734 Vellei
1075 3676 1211 3736 statuere
1227 3668 1306 3736 inihi
1400 3661 1401 3716 l

176 3780 315 3860 videtrrr,
331 3777 462 3844 ridicula
479 3796 520 3841 ex
535 3783 677 3855 tempora
693 3779 766 3838 acta
780 3776 903 3835 remota
918 3791 1008 3852 esse,
1035 3792 1127 3851 quum
1141 3770 1307 3837 Atellanae

176 3882 229 3946 edi
246 3883 438 3962 coepissent,
465 3901 486 3943 a
501 3877 674 3959 Pomponio
699 3895 777 3939 vcro
804 3871 905 3937 denuo
929 3874 1104 3938 instaurata
1125 3876 1307 3956 ascriptae

174 3980 341 4052 Atellanae
366 3984 497 4063 prinum
522 3979 628 4046 addita
652 3998 733 4042 esse·
774 3971 914 4040 Fabulae
930 3973 1097 4040 Atellanas
1113 3974 1155 4039 ob
1171 3961 1308 4039 maiores

176 4083 374 4152 difficultates
390 4082 582 4163 superandas
599 4077 721 4144 subitae
738 4077 871 4141 actionis
888 4078 988 4162 gratia
1004 4078 1145 4142 maxima
1158 4095 1201 4140 cx
1216 4081 1309 4156 parte

176 4187 341 4253 destitutae
359 4191 463 4265 erant,
490 4188 677 4265 quapropter
701 4185 813 4260 poetae
829 4177 997 4243 Atellanas¹
1008 4177 1148 4243 scribere
1166 4177 1309 4264 aggressi

175 4295 257 4353 nunt.
299 4287 367 4354 lant
392 4307 484 4371 quum
509 4283 606 4352 scribi
626 4279 799 4348 Atellanae
815 4282 1004 4364 coepissent,
1029 4278 1087 4346 illa
1104 4301 1147 4346 ex
1164 4289 1310 4361 tempore
