2844 4950
92 546 140 604 cst
155 537 259 602 Plauti
271 535 465 619 Amphitruo
487 535 554 600 lam
570 535 673 610 atinio
690 535 825 614 Sosiam·
842 537 990 600 uomicam
1006 537 1132 603 fibulae
1146 549 1217 621 per·

91 659 209 720 sonum,
228 660 249 702 o
264 637 400 720 palliatis
416 638 584 702 comoediis
600 637 757 702 mutuatus
774 645 824 702 ast
840 633 1167 716 auctua‘ltaconticio
1185 646 1218 707 in

90 741 256 822 Pomponii
272 739 426 822 Noviiquc
441 736 608 804 Atellaniis
632 740 925 824 tragicocomoetllls
939 737 1039 804 &scas
1060 753 1218 824 personas,

90 841 236 910 Moesum
252 845 409 926 inponas
423 849 527 922 partes
545 842 681 906 comicos
703 843 815 925 egisse.
1140 843 1147 852 '

175 975 335 1042 Hactenus
348 977 403 1064 [da
426 979 583 1058 personis,
608 977 755 1056 materia,
781 983 1022 1062 argumentoque
1047 975 1222 1044 fabularum

89 1077 306 1146 Atellanarum
331 1079 568 1159 disputavimus3
593 1080 657 1142 iam
682 1099 764 1142 nunc
787 1079 953 1167 dicendum
975 1081 1035 1143 erit
1051 1079 1091 1142 de
1108 1079 1221 1161 forma,

90 1202 153 1264 qua
168 1180 282 1245 hiladi
297 1181 347 1270 usi
363 1187 446 1245 sunt.
489 1179 627 1245 Primum
643 1183 830 1245 omnium‘irl
847 1188 983 1261 constat,
1008 1181 1066 1246 has
1088 1179 1222 1263 fabulas,

90 1305 185 1365 quum
208 1281 328 1348 Romae
354 1283 406 1346 edi
431 1283 621 1363 coepissent,
652 1303 695 1346 ex
719 1289 858 1363 tempore
883 1281 923 1346 ab
949 1283 1106 1347 actoribus
1133 1281 1223 1348 datas

90 1407 177 1466 esse,
203 1393 239 1449 ut
254 1383 348 1448 hodie
366 1386 461 1448 etiam
477 1383 558 1450 tales
575 1381 711 1449 fabellae
732 1383 783 1448 edi
800 1382 911 1448 solent.
958 1382 1114 1449 Convenit
1139 1387 1223 1450 enim

91 1495 188 1552 antea
203 1488 287 1573 iuter
303 1493 425 1550 actores
442 1487 541 1568 primo
559 1486 598 1549 (le
614 1484 740 1551 fabulae
757 1492 950 1570 argumento,
969 1485 1082 1550 deinde
1099 1487 1138 1550 de
1156 1466 1228 1551 eius'

89 1581 230 1669 partibus
246 1577 462 1669 personisquel,
480 1589 614 1669 (lenique
632 1587 671 1652 de
688 1588 810 1666 ordine,
829 1608 890 1668 qno
907 1594 1029 1651 actores
1046 1589 1079 1651 in
1096 1609 1224 1656 scenam

88 1691 253 1771 prodirent
286 1706 418 1772 suamne
446 1695 550 1770 partes
575 1696 714 1774 agerent.
764 1685 945 1753 Verisimile
972 1695 1036 1768 est,
1071 1686 1226 1769 quendam

90 1797 234 1856 actorum
259 1801 332 1854 ante
356 1788 494 1854 fabulam
519 1791 672 1876 agendam
701 1789 821 1875 prologi
846 1789 1071 1870 quodammodo
1085 1795 1227 1855 'munere

88 1894 273 1976 fungentem
298 1893 522 1974 spectatoribus
539 1891 665 1957 fabulae
683 1899 897 1976 argumentum
918 1894 1107 1973 exposuisse.
1151 1891 1226 1956 Itali

90 1995 217 2074 quidem
233 1994 422 2057 recentiores
440 2001 653 2078 argumentum
678 1993 792 2059 litteris
817 1994 1012 2076 mandatum,
1039 1991 1154 2058 theatri
1170 2017 1226 2074 pa·

88 2094 222 2159 rietibus
249 2093 398 2172 affixum,
425 2093 509 2174 quod
525 2096 733 2158 scenarium
749 2101 878 2174 vocant,
904 2095 1026 2180 prologi
1046 2097 1148 2160 vicem
1169 2095 1229 2159 ha·

88 2196 169 2260 bant
181 2197 271 2276 ml).
313 2194 504 2275 Pomponius
522 2195 645 2258 demum
652 2190 833 2275 Noviusque
849 2197 941 2275 primi
957 2205 1061 2275 erant,
1081 2197 1228 2276 quiAtel-
1300 2203 1302 2210 ’

88 2297 184 2361 lanas
214 2299 417 2376 scripserunt,
448 2295 544 2376 quod,
569 2297 694 2359 utiam
719 2293 795 2358 olim
821 2295 1043 2379 ostentm),
1071 2316 1133 2360 non
1159 2301 1228 2362 sine

91 2400 209 2463 damno
228 2396 362 2477 quodam
378 2395 744 2476 Atellanarum'ipsarum
760 2396 875 2460 factum
894 2401 951 2458 est.
982 2395 1127 2461 Licentia
1145 2401 1229 2464 enim

87 2518 226 2582 procax,
245 2519 307 2578 qua
324 2496 398 2560 olim
415 2504 607 2579 spectatores
625 2497 874 2580 delectabantur,
900 2503 974 2560 tunc
994 2499 1028 2560 in
1046 2505 1145 2564 artem
1162 2522 1228 2563 mu-

88 2609 162 2667 tata
180 2601 298 2677 offecit,
324 2606 361 2662 ut
376 2597 466 2663 ludus
483 2597 577 2684 vulgo
595 2599 635 2664 ob
654 2620 768 2663 novam
786 2622 803 2663 e
821 2597 935 2664 labulis
951 2597 1086 2680 palliatis
1105 2602 1229 2666 desum·

88 2711 159 2769 tam
175 2703 307 2766 formam
323 2699 391 2765 lere
408 2701 571 2780 alienatus,
590 2702 629 2766 ab
647 2703 774 2767 eruditis
792 2701 832 2764 ob
849 2701 956 2764 rudem
973 2705 1134 2766 materiam
1154 2725 1228 2768 con·

89 2813 209 2870 temtus
226 2803 329 2867 neutri
344 2807 425 2883 parti
441 2806 517 2868 satis
534 2805 661 2868 faceret.
683 2803 744 2868 Pro
763 2812 849 2868 certo
862 2811 967 2868 tamen
984 2803 1098 2889 habeo,
1117 2808 1227 2870 etiam-

88 2909 124 2972 si
145 2907 481 2969 ueterum'testimonia
497 2907 623 2996 desunt,
644 2903 696 2969 vel
711 2916 783 2987 post
798 2905 1003 2986 Pomponium
1019 2903 1227 2988 Noviumque,

88 3011 280 3090 praesertim
304 3009 338 3071 in
356 3005 508 3088 oppidulis
534 3010 660 3088 antiquo
677 3029 764 3072 ruore
781 3006 942 3072 Atellanas
965 3015 1051 3072 actos
1078 3027 1148 3072 esse
1176 3027 1227 3072 su-

87 3112 165 3176 bita
181 3111 312 3174 actione.
383 3115 388 3122 '

161 3219 331 3310 'Ceterum
348 3245 517 3309 notandum
531 3245 625 3308 etiam
642 3235 700 3324 est,
718 3241 887 3324 Atellanas,
905 3252 940 3312 ut
956 3267 1012 3326 par
1029 3252 1098 3309 erat
1114 3243 1227 3336 talibus

91 3347 266 3412 exodiariis
292 3346 489 3427 spectaculis,
515 3343 650 3428 palliatis
676 3343 789 3410 fabulis
813 3345 974 3410 breviores
1002 3347 1098 3410 fuisse
1124 3353 1157 3410 et
1171 3369 1228 3427 per

90 3451 262 3530 pauciores
278 3469 428 3528 personas
446 3451 497 3532 agi
514 3445 623 3511 solitas
641 3468 725 3527 esse,
742 3454 777 3510 ut
794 3469 851 3512 nos
870 3449 981 3512 docent
996 3445 1149 3512 Asconius
1166 3447 1226 3520 Pe-

90 3552 209 3614 dianus
227 3557 259 3614 et
274 3549 391 3613 Fronto
409 3549 449 3612 ad
466 3547 607 3614 Marcum
624 3546 715 3612 Caes.
738 3556 771 3612 et
787 3551 895 3614 annuit
915 3551 1009 3613 etiam
1024 3547 1133 3613 Livius
1150 3570 1227 3613 voce

89 3649 254 3718 Atellanis
270 3649 422 3715 fabellis
436 3653 515 3734 1613).
558 3647 721 3716 Atellanas
747 3671 964 3734 nonnunquam
985 3651 1087 3716 denuo
1104 3670 1227 3734 reprae-

168 3909 247 3973 161b)
264 3909 528 3972 ouutmouerreu,
543 3911 634 3975 put.

168 4010 231 4073 102)
248 4011 520 4073 raliorooomoup.

168 4113 231 4176 163)
247 4112 405 4161 ArcumPed.
419 4115 512 4162 eicio.
521 4114 597 4162 divin.
611 4115 642 4161 ad
651 4117 722 4164 verr.
732 4117 774 4162 15:
792 4114 916 4175 „Latinae
928 4111 1225 4174 iahulueperpoucioreu

91 4183 242 4244 agebantur
250 4192 384 4242 personas,
401 4183 703 4246 ut'Atellauue·,··togatue
718 4186 745 4230 et
760 4181 904 4230 huiusmodi
920 4183 1014 4230 aliem
1047 4179 1225 4228 Frontoadltt.

92 4251 208 4310 caen,
225 4251 255 4297 οι
273 4249 337 4310 ‚aad
354 4259 412 4296 curu
428 4248 499 4310 lagos
516 4251 650 4309 sexaginta
662 4252 728 4298 tottii
737 4251 788 4298 siat
800 4247 1228 4298 comorienwnsorrnmnraeet

90 4316 228 4376 Scipionis
236 4317 425 4377 oratiunculae,
441 4330 474 4364 ne
482 4320 512 4362 tu
519 4331 650 4364 numerum
660 4320 734 4366 nimis
744 4319 925 4389 expaueseort‘

973 4396 1017 4456 4*
