2840 4948
664 241 673 266 s
731 303 805 376 98⁸

272 527 397 594 Deinde
421 548 567 594 sensuum
592 527 648 592 ille
672 527 852 607 celebritas,
879 549 971 612 quem
993 527 1134 594 Velleius
1155 542 1321 613 memoret,

188 634 268 696 mira
292 651 362 696 esse
388 653 453 696 non
472 637 578 713 petest
593 632 627 692 iu
644 637 772 694 auctore
788 629 979 710 fabularum,
1006 651 1085 713 quae
1102 639 1139 697 ut
1155 631 1177 696 e'
1189 630 1321 698 Valerio

187 731 331 797 Maximo
350 737 477 811 scimus,
495 729 605 796 lteliea
622 733 792 797 severitate
809 741 1001 814 temperatae
1018 737 1205 818 eraut²⁵⁸),
1216 723 1322 817 ¹neque
1362 731 1364 736 ’

113 833 117 848 ’
187 837 301 901 desunt
325 839 358 899 in
379 834 583 918 fragmentis,
609 835 655 898 uti
681 852 772 915 supra
795 836 938 914 ostendi,
964 838 1118 920 vestigia,
1142 857 1224 918 quae
1241 835 1321 901 hanc

186 935 305 1002 Velleii
321 934 445 1000 laudem
461 956 525 998 non
543 934 655 999 falsam
673 957 743 1000 esse
760 936 906 1017 probent.

271 1037 415 1117 Denique
432 1036 551 1100 ruditas
567 1035 624 1100 illa
640 1037 806 1102 verborum
821 1036 873 1101 vel
890 1039 1014 1124 exiguis
1030 1039 1225 1124 fragmentis,
1242 1062 1322 1121 quae

186 1142 278 1208 nobis
304 1145 484 1222 supersunt,
512 1135 722 1206 confirmatur.
764 1137 991 1204 Demonstreut
1017 1142 1121 1220 enim,
1137 1162 1321 1221 ¹sermonem

186 1243 353 1310 venustatis
378 1241 511 1322 quodem
538 1239 644 1306 colore
669 1244 801 1318 tinctum
825 1242 941 1321 fauisse,
969 1242 1051 1322 quod
1077 1249 1181 1308 tamen
1200 1244 1321 1310 dicendi

186 1365 285 1430 geues
302 1341 480 1408 Sehoherus
497 1345 595 1411 aetati
610 1363 704 1424 posse
725 1343 820 1408 trilud
837 1349 944 1408 censet
955 1346 1037 1428 ²⁵⁹).
1078 1343 1130 1408 Ad
1147 1366 1240 1425 quam
1257 1349 1321 1428 opi·

186 1448 313 1510 nionem
329 1444 523 1526 probandam
539 1443 684 1522 similias
697 1445 909 1527 scriptoribus,
929 1446 980 1526 qui
987 1443 1158 1525 Pomponio
1177 1431 1321 1527 aequales

190 1553 300 1627 erant,
325 1547 464 1628 profert,
490 1551 526 1612 ut
542 1557 560 1610 e
579 1544 620 1624 Q.
635 1546 733 1627 Atta,
761 1546 920 1628 Turpilie,
947 1545 1085 1627 Titinio,
1107 1547 1253 1628 Afranio,
1273 1547 1321 1612 (ΖΙ.

187 1647 413 1735 Quadrigario‚
431 1647 575 1714 Smenos.
618 1645 729 1729 Neque
747 1669 842 1732 nego,
866 1647 966 1712 multa
981 1647 1112 1730 horum,
1139 1671 1218 1730 quae
1236 1653 1321 1730 citat,

187 1750 353 1834 Pomponii
378 1759 516 1831 tempore
543 1750 626 1831 apud
649 1748 774 1834 vulgum
799 1752 833 1814 iu
858 1772 915 1814 usu
940 1751 1055 1830 fuisse,
1082 1754 1227 1832 virosque
1244 1753 1321 1816 istos

188 1853 353 1938 vulgarem
369 1873 546 1916 sermonem
562 1854 700 1916 imitetur
727 1873 811 1932 esse,
838 1853 919 1932 quod
943 1860 1050 1918 tamen
1075 1851 1234 1918 Velleium
1259 1875 1321 1918 non

187 1956 361 2037 impedivit,
388 1955 550 2034 queminus
575 1953 781 2035 Pomponium
806 1955 914 2018 rudem
938 1953 1043 2019 verbis
1065 1955 1199 2034 diceret,
1226 1977 1322 2036 quum

187 2055 241 2120 ille
258 2077 360 2120 serruo
387 2053 519 2134 apolito
546 2055 669 2118 dicendi
685 2077 820 2140 genere,
848 2078 908 2138 quo
924 2058 1089 2138 sequeutia
1104 2064 1246 2137 tempora
1263 2079 1321 2122 ex·

188 2156 374 2236 calluerunt,
391 2159 530 2222 maxime
548 2157 698 2220 differret.
742 2156 793 2223 Ob
810 2159 843 2222 id
860 2161 961 2240 ipsum
976 2157 1089 2224 Horat.
1106 2159 1205 2240 Epist.
1226 2157 1270 2240 11,
1290 2165 1320 2242 1,

187 2258 388 2338 recubitet,
414 2279 489 2323 num
509 2278 565 2322 suo
591 2265 732 2340 tempere
757 2267 842 2324 recte
869 2281 927 2324 uec
952 2282 992 2325 ne
1017 2259 1142 2324 fabulae
1167 2260 1262 2324 Attae
1288 2265 1322 2325 in

162 2383 281 2426 'scena
307 2359 408 2425 adhue
432 2367 624 2442 spectentur,
655 2382 755 2442 usque
779 2382 838 2425 nos
864 2361 1023 2441 offendet,
1049 2365 1077 2424 si
1102 2363 1170 2442 quis
1194 2368 1322 2442 poetam

187 2464 342 2545 quendam
357 2461 574 2542 vernaculum,
601 2463 652 2543 qui
678 2464 791 2526 aetatis
813 2483 888 2526 suae
905 2484 1048 2526 sermone
1064 2484 1138 2526 usus
1156 2472 1229 2527 ante
1248 2486 1322 2529 cen·

185 2573 253 2629 tum
270 2549 459 2628 ducentosve
486 2583 585 2626 annos
610 2564 747 2642 scripsit,
773 2563 881 2626 rudem
907 2563 1000 2628 dicat.
1044 2561 1108 2626 Sed
1124 2570 1250 2645 praeter
1267 2587 1321 2630 eas

186 2665 352 2729 verberum
368 2664 505 2742 termas,
533 2683 609 2744 quas
636 2671 723 2726 aetas
749 2684 813 2726 uun
829 2661 1034 2743 improbavit,
1061 2665 1211 2730 nonnulla
1227 2665 1321 2731 Pom·

185 2767 313 2847 ponium
328 2761 380 2828 vel
397 2783 454 2826 suo
471 2771 612 2846 ternpore
628 2766 778 2828 inusitate
794 2766 1011 2844 immiscuisse,
1028 2788 1084 2846 pro
1103 2777 1191 2832 certo
1207 2765 1321 2850 habeo,

121 2933 125 2938 ,
186 2887 287 2947 neque
305 2864 550 2929 desideraremus
569 2865 726 2946 exempla,
743 2868 771 2928 si
787 2865 875 2946 plura
892 2876 1101 2947 superessent.
1142 2867 1254 2935 Movet
1269 2891 1320 2935 me

185 2969 380 3049 potissimum
397 2966 535 3031 adhaec
553 2969 731 3048 opinionem
747 2967 972 3052 fragmentum,
995 2969 1084 3050 quod.
1095 2971 1171 3034 citat
1189 2969 1321 3052 Calpur-

185 3072 257 3136 nius
274 3072 344 3134 Piso
366 3071 447 3150 apud
463 3065 623 3134 Merulam
646 3069 685 3134 ed
702 3069 783 3134 Eun.
801 3067 915 3135 Aunel.
932 3069 1056 3154 Fragm.
1081 3077 1155 3137 308:
1186 3072 1320 3153 „Sectis

186 3171 344 3256 ·,‚duplex:
370 3171 552 3253 simplicium
580 3179 612 3236 et
637 3174 886 3253 compositorum.
929 3171 1072 3238 Priorum
1092 3177 1251 3240 rarissim0
1266 3175 1323 3240 vel
1400 3211 1401 3236 t

138 3356 141 3366 Ι
184 3295 365 3357 „nunquam
381 3283 502 3342 mutare
520 3272 645 3358 (mem.
662 3274 740 3357 legit
755 3276 886 3358 imitari)
904 3275 1004 3338 decet.
1041 3273 1188 3340 Dandum
1203 3275 1323 3358 aliquid

185 3386 259 3458 „est
276 3377 423 3458 antiquis:
449 3395 512 3440 neu
530 3376 676 3457 quidquid
692 3375 770 3454 illis,
793 3377 885 3440 uobis
906 3373 988 3442 lieet.
1040 3375 1172 3460 Scripsit
1187 3379 1322 3458 Ennius,
1399 3409 1400 3414 κ

187 3478 341 3560 „licentis
358 3478 489 3561 quadam
505 3476 684 3557 toleranda,
702 3477 756 3542 lib.
777 3474 835 3541 VI:

857 3609 907 3674 „²⁰

395 3701 563 3781 „transfigit
579 3721 691 3781 cerpus,
710 3721 779 3761 saxo
798 3719 864 3761 cere
883 3703 1047 3763 comminuit
1061 3703 1151 3770 lerum.

186 3815 412 3899 „Intolerande
427 3818 556 3883 lieentia
572 3819 712 3882 imitatur
729 3816 928 3898 Sempronius
946 3819 1060 3884 Graius
1077 3818 1175 3908 (Mer.
1193 3819 1323 3899 „scribo

187 3917 385 4002 „Gracchum
411 3918 494 3984 forte
519 3922 546 3983 is
572 3926 634 3998 est,
661 3921 747 3984 euius
763 3921 905 3986 meminit
929 3919 1023 3986 evit.
1042 3922 1140 4005 Epist.
1168 3923 1209 3988 de
1223 3921 1322 3988 Pout.

186 4019 271 4104 ‚,1v,
289 4022 380 4102 16“):

188 4151 397 4166 aen-w

133 4253 138 4259 ·
254 4227 320 4297 2⁵8)
337 4225 669 4292 ceremonensem.
682 4231 756 4293 ptr.

256 4316 317 4378 259)
334 4317 363 4368 L.
373 4329 395 4366 e.
405 4330 429 4377 p.
439 4317 479 4366 1⁰.
