2840 4948
533 291 692 362 »67

104 513 279 583 diducendo
297 526 330 582 et
344 535 472 598 corpore
480 517 631 582 movendo
644 534 767 580 omnem
779 515 904 580 modum
918 516 1111 581 excedebant
1118 517 1228 582 verbu·

106 621 330 702 queobscoena
346 619 482 704 gestibus
495 621 558 683 suis
567 619 726 699 impudicis
744 620 834 682 nimis
852 626 996 682 accurate
1012 617 1229 702 significabunt

103 724 267 785 mimorum
284 741 389 800 more,
417 741 491 803 quos
509 742 548 784 ue
566 723 745 800 imitentur,
767 725 879 784 cavere
895 720 1004 783 iubent
1019 727 1158 784 oratores
1176 719 1228 783 Ci-

102 843 176 886 cero
194 830 228 886 et
245 820 466 898 Quinctilianus
480 823 559 904 ¹⁹⁵).
603 821 792 886 Sannionum
809 819 946 902 inprimis
966 822 1063 884 fuisse
1082 819 1161 884 illud
1177 821 1229 884 de»

101 927 228 988 risionis
244 945 361 1008 genus,
380 923 463 1004 quod
479 943 608 988 sannam
624 932 748 1002 vocant,
766 945 880 987 nomen
896 926 995 1003 ipsum
1012 923 1131 1004 probat.
1150 921 1229 984 San-

102 1049 145 1090 na
161 1025 213 1105 fit,
240 1047 331 1106 quum
350 1047 403 1089 ore
422 1025 552 1089 distorto
571 1035 603 1091 et
619 1024 707 1089 labiis
727 1024 884 1106 paululum
902 1027 1039 1089 extentis
1058 1042 1128 1088 eum
1145 1031 1230 1086 certo

102 1126 194 1190 sibilo
213 1115 679 1212 aersorbetur196),velnas0
698 1128 831 1206 crispato
850 1132 882 1190 et
898 1134 1062 1210 corrugato
1076 1130 1158 1206 ¹⁹⁷),
1177 1123 1230 1187 vel
1318 1173 1322 1184 .

101 1228 245 1293 dentibus
263 1227 439 1310 denudatis,
465 1229 516 1293 vel
534 1230 691 1291 sexcentis
710 1227 779 1290 aliis
796 1227 915 1307 modis,
939 1227 1067 1318 quibus,
1093 1235 1129 1290 ut
1144 1233 1230 1290 recte

99 1337 207 1392 monet
224 1328 259 1393 C.
280 1329 320 1394 Ο.
338 1325 505 1410 Minerua,
524 1327 690 1409 antiquitas
708 1351 806 1409 aeque
825 1317 1012 1408 abundabat,
1031 1338 1122 1410 atque
1135 1323 1230 1391 hodie

98 1429 173 1493 Itali
190 1433 345 1511 ceterique
362 1430 467 1512 populi
483 1429 795 1514 meridionales198).
839 1429 997 1494 Summam
1017 1429 1231 1493 Atellanarum

100 1538 204 1596 autem
221 1535 254 1596 in
271 1531 408 1616 gestibus
426 1534 540 1596 iocosis
557 1534 690 1613 positam
706 1533 814 1610 fuisse,
833 1529 1032 1594 manifestum
1050 1538 1108 1592 est.
1133 1529 1231 1593 Gestu
1330 1569 1337 1592 .

98 1655 194 1713 saepe
211 1629 450 1716 significabant,
477 1634 557 1713 quod
583 1634 687 1696 verbis
714 1635 890 1713 exprimere
915 1654 978 1696 non
996 1630 1171 1710 audebant,
1197 1638 1232 1694 ut

97 1731 202 1796 Datus
227 1733 283 1795 ille
309 1733 388 1812 apud
408 1733 535 1796 Suetou.
553 1733 629 1798 Ner.
657 1740 697 1798 39
714 1731 873 1799 Neronem
899 1736 1085 1816 parricidam
1104 1733 1231 1796 demon·

98 1841 219 1914 straus,
254 1848 287 1896 et
318 1833 450 1898 Urbicus
484 1836 566 1914 apud
600 1831 707 1898 luven.
726 1832 789 1914 Vl,
825 1839 863 1899 71
892 1846 1065 1900 matronam
1091 1833 1231 1919 gestibus

100 1937 165 1998 suis
182 1935 286 2016 populi
303 1937 379 1997 risui
397 1957 568 2015 exponens.
611 1935 694 2001 Hinc
710 1945 796 2000 recte
815 1934 943 2000 Terent.
961 1934 1091 2000 Maurus
1110 1937 1148 1998 de
1166 1956 1232 1998 me·
1274 1945 1280 1954 “

97 2039 156 2098 tris
174 2059 204 2117 p.
223 2039 305 2098 2436
331 2033 411 2100 tales
430 2045 516 2100 actus
532 2037 702 2119 petulcos
721 2039 896 2121 dicit199),
925 2040 995 2117 quia
1012 2035 1183 2118 petulantia
1200 2043 1233 2099 et

98 2140 290 2217 procacitate
316 2135 529 2213 lacessebant,
566 2138 646 2216 quod
672 2143 795 2219 proprio
823 2141 948 2203 nomine
975 2140 1232 2202 demonstrare

96 2237 347 2320 vocabaut200),
367 2260 461 2318 quare
478 2237 549 2322 lege
568 2246 691 2300 cautum
709 2248 786 2318 erat,
805 2262 844 2302 no
862 2239 1030 2302 histriones
1049 2261 1232 2322 quemquam
1343 2251 1352 2264 “

96 2341 135 2401 in·
148 2360 241 2400 scena
257 2335 307 2399 vel
325 2341 536 2416 nominarent,
561 2335 610 2400 vel
634 2340 882 2403 demonstrarent
904 2335 1110 2402 contumeliae
1129 2361 1231 2402 causa.
1300 2351 1303 2357 '

96 2433 208 2519 Neque
233 2439 285 2502 isti
311 2445 397 2500 actus
424 2440 501 2501 muti
530 2442 722 2525 scenicorum
753 2462 945 2518 scurrarum,
982 2462 1057 2521 quos
1091 2447 1232 2503 recentes

96 2538 172 2603 Itali
187 2539 285 2602 Lazzi
304 2535 477 2618 appellant,
504 2541 661 2604 veteribus
678 2543 777 2624 ignoti
798 2533 896 2605 luisse
914 2541 1067 2604 videntur.
1122 2540 1233 2605 Solent

96 2644 199 2720 enim,
225 2647 260 2702 ut
285 2634 491 2704 Riccobonius
520 2641 714 2725 tradit201),
741 2641 916 2706 Sanniones
935 2635 1025 2727 nugis
1044 2651 1076 2706 et
1093 2638 1231 2706 ridiculis

93 2735 184 2804 filum
201 2763 379 2805 sermonum
395 2741 549 2805 interdum
567 2745 789 2824 interrumpere
807 2752 898 2806 etex
916 2765 971 2806 suo
990 2744 1116 2829 ingenio
1135 2747 1231 2808 actio-

94 2843 188 2906 nibus
205 2845 296 2906 mutis
306 2889 316 2922 ,
334 2845 399 2907 risu
417 2850 449 2906 et
466 2841 534 2906 ioco
551 2839 652 2924 plenis
670 2853 861 2926 spectatores
878 2839 1047 2909 delectare.
1074 2836 1229 2926 Exemplo
1296 2855 1297 2862 ’

94 2967 162 3007 rem
179 2943 324 3008 illustrat.
355 2941 391 3006 ln
409 2941 516 3006 fabula
538 2946 668 3026 quadam
687 2946 848 3010 consilium
867 2969 955 3010 suum
973 2946 1124 3029 Scapinus
1142 2969 1231 3028 prae·

94 3053 185 3108 sente
202 3041 369 3108 Arlechino
397 3067 465 3108 curn
490 3041 645 3109 Flaminia
670 3049 885 3114 communicat.
928 3040 1096 3130 Utriusque
1114 3065 1231 3112 sermo·

99 3221 311 3238 *abu—nuh·-

164 3333 224 3397 196)
241 3336 293 3385 cic.
302 3336 332 3384 de
343 3339 413 3384 Orat.
424 3333 456 3398 ll,
468 3339 511 3386 to:
531 3337 685 3396 „mimorum
695 3341 733 3386 est
742 3339 931 3401 ethologorum,
942 3337 963 3387 si
975 3341 1054 3387 uirnia
1064 3342 1103 3386 est
1111 3339 1229 3401 imitatio,

96 3404 362 3454 sicutotseoenitas.“
398 3405 501 3459 statuet.
519 3407 562 3465 Vt,
581 3409 608 3454 8:
625 3408 748 3466 „oratori
763 3408 1125 3456 mmtmeuoursnitutrturtm
1143 3408 1229 3468 vultur

96 3476 249 3536 gestusque,
267 3474 310 3532 qui
327 3474 444 3520 luminis
454 3474 534 3522 videri
551 3474 684 3522 solent—
702 3476 869 3524 Obscoenitur
883 3476 1120 3526 verouousverbir
1130 3479 1228 3522 tuntum

98 3541 186 3588 abesse
196 3541 280 3604 debet,
299 3541 342 3588 red
352 3541 427 3589 etiam
441 3556 456 3588 u
466 3540 677 3603 rigrritieutione.“

166 3641 226 3704 196)
244 3645 380 3707 iuvemvl,
399 3643 459 3692 3⁰6:
477 3657 587 3708 „rauna,
606 3644 861 3703 quuscrsorbetur.“

166 3745 226 3805 191)
243 3744 311 3792 Pers.
324 3744 356 3805 V,
375 3747 419 3793 91:
438 3759 550 3806 „rugosa
563 3743 669 3793 sunua.“

166 3843 227 3904 198)
245 3845 376 3894 Archaeol.
387 3861 410 3906 p.
419 3849 481 3894 417:
505 3847 655 3910 „Selbstdie
673 3849 714 3912 ost
730 3845 934 3908 unsnstrisdr'gen
947 3845 1228 3894 undodsei'nenHods-

96 3909 373 4029 {ssffipwffl'
391 3931 425 3962 au
443 3916 521 3962 &nen
539 3915 585 3962 der
598 3915 681 3962 sacen
689 3917 724 3961 im
732 3913 877 4011 dttertdun
885 3916 973 3962 eoem
981 3915 1052 4002 rotela
1061 3930 1129 3977 war,
1147 3916 1228 3962 uictu

167 4079 228 4146 199)
244 4076 328 4131 Atetta
337 4074 378 4132 vel
386 4076 441 4144 quis
451 4084 543 4134 fabulis
552 4085 625 4136 actus
634 4064 703 4134 dedii
711 4083 834 4146 petulcos.

167 4183 228 4246 2⁰⁰)
245 4186 316 4232 Suet.
325 4187 388 4246 Aug.
398 4188 442 4246 15,
460 4188 520 4236 Ner.
534 4191 575 4236 39.

168 4287 229 4347 2⁰1)
247 4285 644 4352 urst.uutueetrerts1.cup.vr,
663 4289 729 4348 apud
737 4289 807 4336 Len.
819 4287 952 4338 rheam
961 4285 1027 4335 eut.
1035 4287 1059 4332 11
1067 4300 1090 4346 p,
1101 4283 1157 4334 193.

974 4371 992 4428 5
999 4371 1013 4398 8
