2840 4948
555 359 560 378 ,
632 254 841 366 ...ns-

167 475 233 542 suis
249 479 392 558 personis
407 475 643 558 latitaverant,
667 483 743 542 tuuc
762 473 821 548 sub
838 473 932 542 Oscis
951 473 1092 558 perraris
1107 471 1234 540 labulae
1250 495 1304 540 ar·

166 584 316 662 mento
348 581 562 648 intonarunt.
613 576 772 656 (ὶυιιιὶιιιιι
804 599 881 644 varo
914 576 980 644 tale
1013 575 1225 659 spectaculum
1260 577 1302 641 ab

167 677 338 747 artificiosa
364 681 505 747 dramate
525 682 639 760 distet,
664 701 758 746 nemo
774 701 838 745 uon
853 680 949 744 videt.
991 677 1101 761 Neque
1119 679 1231 742 adsunt
1247 699 1304 742 va-

167 785 270 846 teruru
286 784 481 862 testimonia,
499 804 578 866 puae
593 781 740 866 probent,
757 781 839 848 banc
849 781 959 846 rudem
974 782 1110 846 formam
1126 779 1310 846 antelam--

166 883 295 966 ponium
318 879 493 970 mitigatam
518 905 599 949 ase.
640 883 752 965 Itaque
774 904 958 964 persuasum
981 881 1060 946 mibi
1075 889 1143 962 est,
1168 881 1304 962 Pompo-

166 983 273 1065 nium,
291 987 344 1064 qui
359 986 474 1066 primus
490 983 653 1050 Atellam
668 987 841 1068 scripserit,
860 983 942 1048 bunc
957 983 1063 1050 ludum
1079 985 1112 1046 in
1130 983 1238 1048 drama
1253 1005 1303 1048 re-

166 1083 250 1170 gula
275 1087 369 1150 certis
395 1088 584 1152 couveniens
609 1093 757 1152 mameae.
801 1085 950 1168 Oportuit
969 1087 1064 1170 igitur
1080 1105 1152 1150 enm
1167 1085 1303 1168 lennem

166 1183 241 1253 bnic
264 1185 390 1252 fabulae
415 1194 520 1268 aptam
536 1188 784 1270 circumspicere,
810 1209 911 1270 nequa
935 1186 1046 1252 babuit
1069 1184 1184 1266 aliam,
1209 1207 1302 1267 quam

167 1286 230 1352 sibi
247 1287 388 1374 eligeret,
406 1290 467 1354 nisi
484 1296 657 1354 ceterarum
672 1287 863 1370 fabulumm,
882 1310 974 1372 poam
990 1287 1304 1354 aGraacorumnuva

169 1390 333 1454 comoedia
348 1389 509 1456 Romanor
525 1394 675 1474 petivisse
691 1395 817 1458 scimus.
837 1392 880 1456 Et
896 1390 957 1457 boc
972 1393 1019 1455 ita
1030 1411 1111 1470 esse,
1127 1389 1304 1474 fragmenta

167 1489 398 1592 demonstrant:
422 1515 479 1574 pro
504 1494 644 1560 versibus
669 1494 844 1574 Saturruiis,
870 1491 897 1556 F
899 1494 1073 1558 esceuniuis
1093 1490 1305 1573 similibusque

169 1591 293 1658 Graeca
316 1605 418 1660 metra
441 1594 609 1677 praebent,
635 1617 736 1677 name
759 1599 795 1660 in
819 1596 932 1661 ceteris
952 1593 1065 1674 rebus,
1090 1595 1124 1656 in
1140 1614 1304 1667 menarum

168 1694 296 1776 ordina,
311 1698 345 1761 iu
361 1695 525 1762 maclarum
539 1699 674 1776 ratione,
690 1699 724 1762 iu
740 1698 875 1776 actione,
892 1696 1016 1760 scenico
1029 1701 1180 1778 apparatu
1196 1695 1304 1760 almo-

169 1795 243 1865 dun
259 1796 375 1864 abiisse
392 1796 556 1864 Atellanas
564 1843 577 1878 ,
601 1800 666 1864 iam
681 1797 754 1862 ideo
772 1797 916 1874 malam,
942 1797 1025 1878 quod
1035 1801 1111 1860 ‘nou
1128 1797 1304 1860 omisissent

169 1899 337 1980 scriptores
354 1898 470 1964 (lisera
487 1921 747 1980 commemorare,
763 1901 792 1964 si
807 1897 1024 1963 Atellanarum
1040 1904 1183 1962 auctores
1198 1896 1305 1962 solen·

168 2020 240 2066 uero
267 2020 388 2066 mamm
412 2000 640 2082 desumerent,
666 2022 759 2082 quum
785 2024 826 2067 ne
845 1998 966 2064 leviora
983 1998 1107 2080 quidem
1123 2007 1233 2064 notare
1249 2019 1305 2064 ua-

168 2099 310 2186 gligaut,
335 2109 373 2166 nt
388 2101 599 2170 Terentianus
615 2101 746 2168 Maurus
773 2109 807 2166 et
822 2100 943 2168 Marius
959 2099 1142 2166 Victorinus
1158 2101 1304 2182 frequen·

169 2203 283 2268 tiorem
298 2191 426 2270 iambici
441 2207 612 2287 septenarii
629 2204 711 2286 apud
726 2202 890 2269 Atellanos
905 2224 1014 2282 usum,
1032 2210 1066 2266 et
1081 2200 1235 2268 Asconirn
1244 2202 1303 2266 Pe·

170 2305 282 2370 dianus
298 2328 355 2388 per
370 2309 531 2388 pauciores
544 2305 708 2372 Atellanas
725 2313 813 2370 actas
830 2327 902 2370 esse
918 2311 951 2370 et
967 2310 1091 2388 togatas
1110 2303 1240 2370 Graecis
1255 2305 1304 2368 fa·

169 2405 262 2474 bulis.
304 2406 355 2476 Ne
372 2409 432 2476 hoc
449 2409 573 2490 quidem
590 2408 753 2474 Scbobero
769 2407 960 2484 concedam,
982 2405 1066 2485 qnod
1083 2407 1209 2472 coniicit
1225 2429 1255 2486 p.
1274 2408 1303 2486 7,

168 2509 389 2576 Atellanarum
405 2513 573 2592 scriptores
599 2509 650 2574 bic
670 2509 734 2574 illic
752 2511 847 2574 etiam
863 2504 1011 2572 nonnulla
1028 2508 1241 2572 tautummodo
1258 2509 1304 2572 in·

170 2611 293 2678 dicasse
311 2621 345 2678 et
361 2615 450 2694 qnasi
466 2613 572 2694 primis
589 2609 681 2674 lineis
691 2609 874 2674 adumbrata
882 2607 1040 2674 actoribus
1056 2629 1178 2688 proauo
1197 2611 1303 2690 cuique

169 2715 297 2798 iugenio
315 2713 471 2794 explenda
486 2711 662 2793 reliquisse.
705 2711 841 2774 Veteres
863 2711 945 2774 euim
963 2709 1128 2790 amabant,
1149 2710 1304 2790 qaodcun-

170 2828 231 2898 que
247 2835 324 2896 opus
342 2813 381 2878 ab
400 2815 484 2876 omui
499 2820 589 2894 parte
607 2811 780 2892 absolvere,
798 2831 898 2894 oeque
913 2810 1078 2896 quidquam
1089 2813 1303 2896 imperfectum

169 2915 356 2996 relinquere.
1164 2957 1167 2962 -

254 3011 355 3080 Nihili
372 3017 467 3082 etiarn
484 3023 547 3100 ast,
566 3017 648 3100 quod
665 3015 842 3084 Schoberus
859 3040 889 3100 p.
908 3021 949 3082 13
968 3017 1057 3082 dicit:
1074 3016 1197 3098 „multo
1213 3036 1304 3082 vero·

172 3117 328 3201 „similius
346 3126 413 3198 est,
439 3141 503 3185 uon
518 3120 589 3185 sola
605 3123 755 3200 materia,
781 3119 839 3185 sed
859 3121 961 3185 forma
978 3121 1074 3184 etiam
1090 3117 1184 3203 longe
1201 3139 1221 3182 a
1237 3117 1303 3199 pal·

170 3221 280 3304 „liatis
298 3227 331 3284 et
347 3223 459 3286 ceteris
476 3225 594 3306 togatis
610 3221 791 3288 Atellanam
807 3221 941 3302 abiisse,
967 3223 996 3285 si
1020 3219 1082 3285 hoc
1098 3241 1192 3287 unum
1208 3219 1303 3298 respi-

169 3325 314 3404 „cimus,
341 3321 422 3403 quod
439 3329 474 3386 ut
494 3323 717 3389 recentioribus
734 3324 923 3404 temporibus
939 3322 1047 3387 fabula
1063 3319 1135 3386 ‹lell’
1152 3327 1219 3384 arte
1238 3341 1303 3384 cer·

170 3432 242 3507 „tas
258 3435 429 3507 personas,
456 3447 486 3490 a.
503 3445 535 3510 g.
552 3420 717 3506 Maccum,
742 3423 937 3505 Bucconem,
963 3423 1061 3503 alias,
1079 3422 1207 3502 habuit,
1225 3443 1305 3502 quae

170 3548 247 3610 „res
265 3533 413 3609 quornm
437 3527 501 3592 mm
526 3527 560 3592 in
585 3523 853 3592 confirmationem
869 3529 966 3592 tatius
983 3526 1105 3612 generis
1124 3525 1304 3588 exercuisse

170 3629 330 3710 „putanda
345 3630 407 3710 sit,
433 3650 525 3695 namo
551 3649 615 3694 non
641 3629 759 3694 videt.“
803 3627 895 3694 Oscis
913 3629 1037 3710 quidem
1054 3614 1146 3692 cartis
1163 3625 1304 3706 personis

169 3731 309 3796 maxima
330 3729 519 3796 differebant
535 3729 703 3796 Atellanae
729 3729 768 3794 ab
795 3727 864 3794 aliis
890 3727 1026 3810 fabulis,
1050 3727 1106 3793 aad
1133 3750 1196 3792 non
1221 3727 1305 3807 quod

170 3839 297 3912 certae,
322 3834 513 3898 iactatae
539 3837 649 3919 erant,
676 3833 786 3914 prabos
812 3853 853 3896 ne
878 3831 1008 3914 palliata
1033 3830 1155 3912 quidem
1177 3831 1304 3892 omnino

169 3934 318 4014 carebat,
345 3954 418 3998 uam
435 3935 508 4015 quid
532 3943 648 4018 patres,
676 3925 911 4015 adolescentes,
939 3935 1085 4014 parasiti,
1103 3929 1217 3996 milites
1235 3927 1305 4014 glo-

80 4090 85 4102 ,
168 4039 248 4103 riosi
265 4033 351 4100 aliud
368 4037 476 4102 aranti
498 4038 554 4101 sed
572 4035 655 4120 quati
671 4035 785 4102 Oscae.
807 4033 926 4102 Verum
935 4033 1183 4112 nisicantendat,
1203 4031 1304 4107 Oscae

168 4159 319 4221 personas
337 4139 432 4203 etiarn
451 4137 535 4202 Osce
551 4138 674 4204 locutos
692 4159 781 4219 esse,
799 4140 881 4220 quod
899 4147 1002 4202 temen
1019 4139 1085 4216 ipse
1102 4143 1217 4220 negat,
1241 4155 1304 4196 uon

169 4241 280 4322 video,
307 4240 380 4324 quid
402 4241 616 4322 inpedirent,
647 4241 810 4323 quominus
825 4239 1043 4310 Atellanarum
1060 4245 1205 4306 auctores
1221 4242 1305 4300 cete·
