2840 4948
663 201 874 312 Q

198 423 343 509 ‚,plebls,
369 425 457 490 cuins
482 421 581 506 mplta
601 423 705 490 facete
722 423 805 490 dicta
821 425 972 490 memoria
987 420 1125 516 loquitur
1141 430 1175 488 at
1190 433 1344 490 venusta.

198 526 260 608 „ld
286 529 369 592 anim
394 547 476 592 nunc
500 533 658 608 repertum
674 537 723 592 est
739 549 794 609 pro
812 529 917 592 sonitu
933 524 1061 590 laudum
1077 527 1267 606 impensiore
1285 549 1346 607 per

197 628 396 711 „applicatos
420 627 562 694 homines
583 627 849 710 adloquendum,
875 635 911 692 ut
926 630 1067 704 inomni
1083 625 1261 708 spectaculo
1283 650 1345 692 ex-

197 730 363 812 „odiario,
389 732 551 810 venatori,
578 731 706 814 aurigae
725 739 757 795 et
773 730 960 795 histrionum
981 731 1089 816 generi
1107 730 1191 794 omni
1208 736 1242 793 et
1258 730 1345 793 iudi-

197 834 309 914 „cihns
328 832 420 898 celsis
436 832 604 912 itidemque
622 833 817 924 minoribus,
835 853 972 900 necnon
990 833 1086 894 etiam
1103 834 1255 896 matronis
1276 829 1342 902 cla·

197 941 324 1016 „metus
340 935 481 1000 assidue:
500 934 562 998 Per
577 940 610 998 to
627 931 682 996 ille
700 935 815 1009 discat;
834 931 907 1016 quid
924 940 1027 997 autem
1040 930 1157 998 debeat
1174 932 1262 1011 disci,
1284 954 1341 996 ne·

196 1058 272 1118 „mo
290 1033 405 1100 sufficit
430 1033 636 1117 explanare.“
680 1033 763 1100 Huic
787 1035 859 1100 loco
886 1036 967 1099 adde
984 1033 1125 1116 Inscript.
1144 1033 1227 1114 apud
1245 1032 1340 1098 Grot.

195 1160 228 1219 p.
245 1138 321 1217 637,
338 1158 368 1200 ιι.
387 1142 418 1200 1.
461 1133 539 1201 Inde
556 1138 754 1216 factumest,
771 1145 807 1201 ut
824 1136 894 1201 Iob.
911 1137 1042 1220 Lydus,
1065 1157 1156 1216 quem
1172 1133 1342 1200 Iustiniani

126 1311 131 1326 Ι
196 1245 337 1318 tempore
353 1239 476 1302 vixisse
494 1246 637 1318 constat,
655 1236 835 1304 Atellanam
852 1241 897 1302 ita
915 1236 1067 1318 explicet,
1084 1245 1120 1300 ut
1138 1237 1240 1316 dicat,
1267 1259 1340 1300 eam

197 1359 267 1404 esse
284 1341 351 1404 reio
368 1341 550 1422 λεγομένων
572 1337 767 1428 ἐξοὸιοιρίων.
785 1343 807 1405 i.
834 1362 862 1403 e.
888 1339 1034 1426 similium
1062 1360 1256 1416 scurrarum,
1286 1341 1340 1420 qni

196 1459 253 1504 suo
270 1448 413 1521 tempore
429 1441 590 1505 Exodiarii
609 1443 685 1506 dieti
702 1444 784 1522 sint,
811 1462 911 1522 neque
929 1441 1022 1507 aliter
1039 1439 1207 1505 Scholiast.
1224 1439 1337 1503 Iuven.
1402 1519 1403 1528 ἵ

196 1543 238 1605 ad
255 1539 322 1606 Sat.
340 1540 479 1621 111‚,175
498 1542 594 1605 verbo
612 1545 720 1607 utitur.

281 1640 349 1706 Iam
374 1641 423 1707 his
449 1643 640 1725 temporibus
669 1646 725 1706 vix
752 1643 918 1708 discrimen
936 1642 1062 1723 aliquod
1078 1644 1162 1706 inter
1177 1641 1338 1706 Exodium

196 1746 263 1808 sive
280 1742 457 1809 Atellanam
476 1751 509 1806 et
532 1741 665 1808 Mimum
689 1744 785 1808 fuisse
809 1752 901 1825 pato,
928 1745 987 1822 ita,
1013 1750 1049 1808 ut
1074 1745 1174 1807 omnis
1195 1746 1336 1808 scenicus

196 1843 288 1909 ladas
305 1843 382 1908 solis
399 1841 526 1908 Mimis
543 1853 575 1908 et
592 1843 833 1910 Pantomimis
853 1851 1022 1910 constaret.
1045 1842 1137 1908 Mimi
1154 1853 1336 1928 argumenta

88 1939 90 1950 ’
196 1945 500 2025 verbis,pantomimi
509 1943 584 2009 solis
595 1947 773 2030 gestibuset
781 1949 874 2012 mutis
883 1945 1020 2012 motibus
1030 1945 1334 2032 exprimebant²⁸²);

196 2043 295 2134 Mimi¹
314 2047 416 2111 minus
443 2048 518 2111 artis
546 2054 578 2125 et
595 2049 746 2114 minorem
772 2047 953 2130 a'pparatum
978 2050 1134 2112 scenicum
1152 2048 1334 2132 exigebant,

197 2149 308 2230 quippe
334 2149 386 2228 qui
410 2149 519 2213 iocosa
534 2147 709 2215 fabularum
726 2157 910 2236 argumenta
926 2149 1032 2214 subita
1049 2151 1173 2212 actione
1192 2149 1336 2213 ostende-

197 2255 281 2316 rent·
321 2247 432 2332 Neque
449 2249 499 2316 his
515 2249 645 2316 stabiles
662 2273 815 2333 personae
829 2251 869 2316 ab
889 2241 1073 2331 antiquitate
1090 2249 1266 2316 hereditate
1283 2271 1335 2313 ac-

201 2359 310 2435 ceptae
327 2351 476 2435 deerant,
502 2355 629 2418 nomine
654 2362 759 2420 tamen
785 2362 817 2418 et
833 2353 972 2419 moribus
991 2374 1060 2416 cum
1077 2359 1217 2434 tempore
1234 2359 1333 2416 muta-

196 2455 258 2535 tia,
288 2460 324 2519 ut
347 2453 472 2520 illarum
498 2453 650 2520 Oscorum
679 2478 885 2537 personarum
909 2453 1115 2534 similiumque
1139 2453 1333 2536 palliatarum

198 2565 325 2638 praeter
350 2555 513 2641 generales
541 2556 737 2622 characteres
764 2558 972 2638 stupiditatis,
999 2557 1154 2636 astutiae,
1172 2557 1332 2636 avaritiae,

197 2655 353 2738 libidinis,
379 2667 412 2723 et
436 2659 568 2743 vestigia
594 2657 698 2738 aliqua
719 2662 833 2724 veteris
856 2665 1040 2741 apparatus,
1067 2679 1130 2721 non
1155 2659 1331 2742 imaginem,

198 2759 254 2820 sed
272 2753 359 2838 quasi
376 2759 516 2824 umbram
534 2759 698 2823 referrent.
740 2758 948 2840 Pantomimi,
968 2781 1099 2841 quorum
1116 2765 1205 2823 aetus
1224 2766 1257 2823 et
1271 2780 1331 2822 ma-

130 2855 150 2876 *
202 2861 300 2922 iorem
319 2868 419 2923 artem
445 2868 478 2923 et
493 2859 712 2924 fastuosiorem
739 2868 921 2941 apparatum
947 2860 1186 2939 desiderabant,
1213 2859 1331 2924 urbium

197 2958 349 3040 theatris,
375 2962 461 3025 mimi
486 2983 637 3046 pagorum
663 2969 694 3024 et
720 2959 935 3043 oppidulorum
960 2965 1063 3044 potius
1081 2983 1195 3026 scenae
1213 2961 1331 3026 subitae

195 3055 440 3138 ‘conveniebant3
466 3066 571 3144 itaque
597 3085 687 3143 quum
705 3063 846 3143 theatra,
872 3072 908 3128 ut
928 3063 1117 3148 Augustinus
1135 3063 1329 3146 prodit²⁸⁸)‚

198 3188 255 3246 per
272 3186 380 3230 omnes
406 3167 548 3230 civitates
575 3166 742 3246 caderent,
769 3168 967 3246 pantomimis
985 3163 1085 3228 Roma
1109 3167 1235 3228 unicum
1252 3165 1330 3230 refo-

198 3269 282 3350 gium
310 3275 388 3332 orat.
431 3267 479 3331 Ibi
505 3276 615 3347 postea
637 3266 828 3331 Theudorici
852 3269 1012 3350 inprimis,
1040 3265 1215 3332 Gothorum
1239 3269 1329 3350 regis,

198 3366 327 3451 favore,
345 3372 430 3434 utin
448 3367 639 3432 Cassiodoro
656 3368 788 3456 legimus
802 3371 889 3455 289),
916 3367 1108 3454 colebantur.
1160 3367 1226 3432 Sed
1243 3389 1331 3450 quum

267 3561 328 3623 281)
346 3561 471 3622 Ioh.hyd.
489 3561 519 3608 de
526 3561 594 3622 Mag.
603 3561 622 3621 1,
640 3561 686 3608 4⁰:
704 3553 913 3624 μιμικὴ-λόγῳ
930 3553 1056 3617 μόνοντὰ
1076 3558 1183 3621 πλῆθος
1199 3554 1330 3621 ἐπάγουσα

197 3624 293 3688 γέλωτι.
309 3655 344 3666 -
360 3633 466 3690 August.
477 3630 507 3678 de
515 3629 628 3690 Magire:
646 3629 802 3692 „histriones
815 3629 936 3686 quasdam
946 3629 972 3674 in
982 3629 1082 3676 theatro
1096 3627 1197 3675 fabuler
1210 3628 1267 3674 riae
1276 3639 1330 3673 ver-

198 3695 256 3756 „hir
272 3699 396 3746 saltando.
406 3699 554 3758 plerumque
572 3697 691 3758 aperiunt
708 3700 734 3744 et
751 3698 891 3757 exponunt.
908 3720 943 3731 -
959 3695 1049 3744 Primis
1058 3695 1214 3756 temporibus
1224 3694 1330 3742 saltante

197 3763 375 3825 „Pantomimo
385 3779 477 3825 praeco
486 3766 672 3826 pronunciabat
681 3764 781 3826 populis
791 3763 958 3824 Carthaginis,
971 3764 1044 3823 quor
1053 3763 1161 3812 saltator
1169 3763 1247 3810 vellet
1255 3761 1328 3808 intel-

197 3831 270 3893 „ligi
289 3833 362 3887 Quod
372 3834 454 3882 adhue
463 3825 716 3884 multimemine'ruut
725 3845 813 3892 aenea,
832 3845 939 3890 quornm
953 3833 1035 3880 relatu
1044 3831 1106 3878 haee
1117 3831 1229 3878 solemur
1238 3830 1330 3878 rodhe.

198 3900 293 3962 „Quod
301 3901 357 3948 ideo
367 3903 518 3950 eredendum
528 3907 575 3964 est,
595 3902 654 3962 quie
663 3915 731 3950 nunc
740 3913 848 3961 quoque,
866 3899 953 3959 siquis
966 3900 1057 3947 talium
1065 3897 1330 3960 nugarumimperitus

170 4001 177 4014 s
198 3967 363 4029 ,‚intraverit,
381 3969 432 4016 nisi
448 3970 473 4016 ei
487 3970 587 4017 dicatur
601 3969 736 4035 abellam,
754 3967 813 4027 quid
825 3968 957 4017 illimato·
966 3967 1119 4029 significent,
1139 3969 1236 4015 trustra
1249 3965 1330 4012 inteu-

197 4036 335 4098 „turert.“
593 4053 596 4058 Δ
1242 4033 1245 4038 “

267 4118 327 4180 288)
343 4121 508 4170 neronam.
521 4123 541 4183 1,
560 4123 601 4171 33.

266 4202 329 4271 289)
348 4205 577 4270 carried.Epirt.1‚
596 4207 636 4254 20.
740 4235 748 4242 =
