2844 4950
570 260 778 412 a

109 547 231 612 remque
259 531 326 593 eius
351 529 494 609 pertinet.
535 525 674 608 Pappum
691 524 837 610 fingimur
864 523 1082 590 nohia'senem
1104 543 1242 605 avarum,

108 613 323 710 libidinosum,
340 629 495 692 honorum
512 629 669 709 cupidum,
692 629 953 708 superstitiosum,
976 627 1109 708 fatuum,
1136 647 1244 709 quam-

107 737 153 798 vis
169 754 215 798 ex
231 753 288 796 sua
314 734 459 812 opinione
484 731 682 811 prudentem,
707 733 812 810 itaqua
834 749 853 791 a
875 713 1088 791 callidioribus
1108 727 1245 793 homini·

109 839 164 902 hus
180 835 268 898 vario
285 833 378 896 modo
397 833 570 912 deceptum.
602 830 654 895 Oh
672 833 836 899 avaritiam
853 829 991 893 familiae
1008 838 1040 894 et
1058 833 1170 894 ceteris
1188 831 1245 894 ho·

108 937 242 1000 minibus
265 935 336 997 odio
363 942 412 998 cst
437 941 470 997 et
499 931 740 1026 contentam).
783 929 891 995 Risum
912 939 1123 1013 spectatorum
1139 943 1247 996 movet

108 1037 253 1102 ridiculus
271 1057 370 1119 angor
386 1037 475 1098 avari
492 1037 576 1098 senis
594 1035 703 1114 opibus
721 1035 849 1114 privati3
873 1049 933 1114 quo
951 1033 1088 1098 fortasse
1105 1041 1248 1114 spectant

108 1141 283 1222 fragmenta
300 1160 318 1199 e
335 1137 500 1216 Pomponii
517 1135 624 1200 fabula
641 1135 776 1200 Pictore.
820 1133 955 1198 Videtur
976 1137 1059 1198 enim
1084 1134 1129 1198 ibi
1149 1143 1247 1216 poeta
1284 1177 1287 1186 ·

108 1239 238 1302 finxisse
263 1239 417 1321 Pappum,
444 1258 551 1301 senem
577 1237 717 1314 diuitem,
742 1240 775 1300 in
796 1236 905 1300 urbem
927 1238 988 1300 iter
1003 1237 1184 1317 facientem,
1210 1245 1249 1302 ut
1293 1243 1295 1257 '

107 1341 152 1404 ibi
174 1342 338 1420 pecuniam
362 1347 527 1419 promeret.
570 1335 686 1400 Nescio
712 1339 779 1416 quis
806 1337 896 1400 huius
918 1341 965 1401 rei
982 1359 1095 1421 gnarus
1114 1338 1249 1404 alterum

110 1461 303 1509 commovere
321 1442 441 1518 studet,
466 1447 501 1503 ut
518 1460 625 1502 secum
645 1437 809 1501 consilium
834 1441 921 1502 ineat
946 1459 1054 1502 senem
1072 1461 1114 1503 ex
1135 1443 1249 1505 itinere

108 1546 291 1608 redeuntem
309 1541 483 1620 diripiendi.
526 1539 721 1603 Metuentem
744 1539 840 1617 hunc,
868 1561 907 1602 ne
932 1539 1102 1619 periculum
1120 1541 1248 1623 habeat,

109 1666 215 1708 senem
241 1651 326 1706 certo
353 1661 514 1705 servorum
540 1641 632 1705 turba
654 1641 734 1704 hene
751 1643 903 1704 munitum
920 1641 1083 1721 invadere,
1117 1645 1161 1722 is,
1177 1665 1183 1670 ·
1197 1648 1250 1724 qui

110 1749 224 1824 suasit,
242 1745 325 1808 b‘ono
344 1737 446 1807 animo
465 1765 534 1807 esse
551 1742 654 1822 iubet,
681 1765 716 1806 aa
734 1745 818 1806 enim
837 1750 1026 1823 compertum
1040 1741 1161 1834 ¹habere
1171 1791 1181 1824 ,
1200 1768 1250 1809 se·

109 1867 180 1912 nem
197 1867 266 1910 cum
283 1867 346 1909 uno
364 1853 483 1910 tantum
501 1867 604 1924 servo,
617 1866 723 1924 coque
740 1847 854 1928 ignavo
874 1843 1014 1908 eunucho
1033 1847 1182 1926 cuiusque
1200 1856 1257 1912 te-x

109 1951 253 2013 stimonio
279 1945 359 2012 fides
385 1969 449 2010 non
473 1947 626 2011 habeatur
650 1945 879 2031 proficiscitv).
928 1944 1098 2011 Consilium
1124 1957 1249 2029 captum

111 2058 336 2131 exsequuntur3
362 2071 461 2113 sonex
479 2051 677 2130 perterritae,
705 2056 815 2132 negat,
834 2061 868 2112 s'e
885 2039 1049 2130 pecuniam
1066 2049 1195 2131 habere,
1214 2073 1250 2115 se

63 2179 67 2190 ¹
110 2155 213 2236 enim,
225 2173 305 2232 quae
322 2173 429 2215 secum
445 2151 569 2214 tulisset
590 2151 698 2213 decem
715 2150 813 2214 millia
830 2151 1038 2231 victoiidtum,
1059 2173 1195 2233 curasse,
1214 2161 1265 2234 ut¹

109 2261 176 2319 tuto
196 2256 432 2334 occuparem).
475 2250 684 2314 Nihilominus
701 2260 807 2315 tamen
824 2255 962 2331 pecualia·
972 2255 1100 2317 inventu
1109 2253 1250 2336 Pappum

109 2358 248 2437 privant,
281 2355 333 2433 qui
358 2353 469 2414 deinde
493 2351 550 2414 lita
576 2351 666 2414 illata
696 2353 841 2415 aiudice
866 2359 902 2416 ut
925 2359 1008 2433 pu'to
1027 2355 1250 2450 interrogatus,
1308 2414 1310 2423 .

111 2455 339 2536 quanta-fuerit
355 2475 489 2531 summa,
508 2474 568 2532 qua
586 2453 752 2516 destitutus
770 2455 820 2532 sit,
835 2446 996 2538 ingentem
1007 2455 1161 2536 quandam
1178 2478 1252 2536 pro-

107 2556 435 2636 fitetur,=·provocatus
453 2563 573 2634 tamen,
592 2562 628 2618 ut
644 2563 747 2616 certos
765 2558 1010 2636 nummosdicat,
1029 2560 1251 2643 quinquaginta

13 2713 15 2718 .
108 2657 207 2722 millia
231 2659 329 2721 luisse
353 2659 591 2741 mandarat).
622 2654 695 2721 Non
722 2656 924 2721 dubitandum
948 2667 1011 2738 est,
1039 2661 1110 2740 quin
1138 2681 1249 2724 avarus

108 2762 400 2852 senexpecuniam
426 2780 489 2823 non
515 2758 617 2822 solum
643 2779 706 2822 non
724 2762 893 2840 receperit,
920 2762 975 2823 sed
992 2764 1119 2843 insuper
1135 2784 1250 2848 magna

108 2861 404 2930 mulcta-damnatus
430 2862 482 2925 sit.
527 2861 565 2924 In
591 2861 655 2924 alia
676 2858 841 2942 Pomponii
858 2861 981 2941 fabula,
1009 2885 1090 2944 quac
1105 2863 1251 2929 Philoso-

108 2963 182 3045 phia
198 2963 391 3041 inscribitur,
409 2963 533 3025 videtur
549 2963 631 3026 idem
644 2961 767 3042 Pappus
785 2963 930 3026 inductus
949 2985 1018 3028 esse
1037 2966 1076 3040 de
1094 2987 1171 3029 auro
1189 2967 1251 3029 sibi

80 3105 84 3108 -
110 3065 232 3129 sublato
250 3063 450 3128 Dossennum
467 3063 620 3126 hariolum
637 3065 851 3146 interrogam,
879 3067 931 3144 qui
948 3068 1036 3128 avari
1052 3067 1250 3130 consuetudi·
1285 3115 1286 3124 ,

73 4315 83 4365 l

110 3289 164 3351 nis,
181 3291 208 3337 in
217 3290 347 3338 nonnullis
357 3303 455 3352 earum,
473 3292 499 3337 et
511 3290 621 3338 fortasse
634 3290 661 3338 iu
675 3289 873 3355 antiquioribus,
891 3303 955 3350 quae
965 3292 1058 3340 Orcum
1070 3290 1184 3352 inguen
1193 3306 1249 3340 ma-

110 3359 180 3406 xime
189 3363 332 3418 narrarent,
350 3357 486 3416 aliquando
496 3360 593 3407 Cannar
602 3359 753 3418 compellata
762 3357 837 3407 fuit.“
871 3361 909 3407 Gi.
920 3361 998 3408 Sties'.
1006 3359 1024 3408 l.
1035 3375 1058 3410 c.
1065 3375 1090 3422 p.
1101 3363 1142 3409 65.

179 3443 223 3504 96)
241 3444 327 3504 Pomp.
335 3442 399 3490 Pict.
410 3443 476 3502 apud
485 3445 549 3489 Non.
560 3443 647 3490 conica
655 3457 679 3502 p.
689 3445 730 3504 11,
739 3446 785 3492 19:

319 3511 778 3572 Pappushicmediohahitatserica,
797 3512 1015 3562 nonreacunciae.
1054 3551 1056 3556 .

113 3579 138 3624 et
146 3578 178 3627 ib.
189 3579 255 3639 apud
263 3581 330 3628 Non.
338 3577 511 3628 Manducemus
521 3594 544 3638 p.
555 3581 595 3640 17,
607 3580 650 3626 14:

318 3660 425 3707 mumius
435 3647 560 3710 camelus,
576 3647 730 3713 manducus,
748 3647 895 3696 cantherius

111 3714 226 3763 convicia
234 3715 352 3763 videntur
364 3716 389 3762 in
400 3729 493 3764 senem.

178 3799 221 3864 or)
239 3801 396 3860 Pomaria.
406 3800 692 3859 ianuamianuaim
702 3815 725 3860 p.
736 3767 794 3860 aaa,
808 3802 853 3850 aa:

317 3869 388 3930 ip'sua
398 3882 455 3916 cum
465 3883 515 3917 uno
526 3883 599 3917 servo
610 3883 690 3918 senex
698 3871 819 3918 intestato
829 3870 1005 3931 proficiscitur.
1025 3891 1030 3912 ι

178 3949 223 4018 98)
240 3955 326 4014 Pomp.
334 3954 398 4002 Pict.
408 3954 476 4014 apud
484 3955 550 4001 Non.
559 3968 684 4014 occupare
694 3969 719 4014 p.
729 3955 786 4014 356,
797 3957 827 4004 8:

528 4035 593 4082 quac
602 4024 709 4070 tuleram
719 4037 819 4070 mecum
827 4025 908 4074 millia
917 4026 1003 4075 dacem
1023 4044 1027 4057 ·

318 4089 492 4154 victoriatum,
510 4092 608 4139 Graece
622 4091 738 4140 mercede
747 4092 818 4140 illico

319 4159 406 4206 curavi
414 4163 443 4205 ut
455 4174 615 4220 occuparem.

177 4243 220 4304 99)
239 4244 324 4303 Pomp.
333 4243 396 4290 Pici.
406 4244 472 4303 apud
481 4231 546 4294 Non.
556 4246 640 4294 dicere
651 4263 673 4308 p.
684 4249 742 4310 28⁰,
751 4250 795 4296 18:
827 4261 829 4270 ·

319 4323 435 4360 nummos
444 4317 529 4362 certos
538 4314 619 4364 dicas!
629 4335 664 4352 -a
673 4317 729 4364 dico
739 4315 921 4378 quinquaginta
929 4315 1030 4364 millia'

1012 4399 1031 4456 3
