2840 4948
707 211 755 314 ro

622 343 826 354 ——---—--

31 519 37 534 ,
165 478 276 549 duret,
293 468 345 533 vel
362 489 440 550 qnae
456 475 528 532 sunt
543 466 659 532 'similos
675 487 847 549 personae,
864 473 901 531 ut
920 464 1057 550 Capera,
1074 464 1214 541 Stobera
1235 488 1288 531 re-

165 572 346 636 centissimis
364 571 484 636 demum
501 569 690 651 temporibus
706 577 800 650 poeta
817 590 878 632 non
895 567 1040 652 ignobilis
1057 589 1148 632 ausus
1166 576 1214 632 est
1231 568 1288 632 de-

164 692 227 736 nuo
244 669 300 736 has
318 681 415 738 statos
431 693 579 753 personas
604 673 701 752 potito
719 673 842 751 quidem
859 673 982 734 nomine
1000 677 1032 733 et
1049 669 1225 733 charactere
1243 669 1285 732 ab

163 771 426 864 Eulenspiegelio‚
443 793 550 837 scurra
567 772 790 838 Germanorum
807 775 979 851 notissimo,
997 770 1047 835 vol
1064 772 1097 834 in
1114 769 1286 853 elegantio-

164 894 215 936 res
242 876 416 940 comoedias
441 875 643 938 introducere.
686 873 753 938 lam
776 875 860 938 idem
884 874 970 953 fere,
996 881 1031 937 ut
1055 872 1140 951 dixi,
1166 871 1285 936 Romae

163 973 363 1054 fachinam,
389 982 440 1054 ut,
468 997 559 1056 quum
585 977 739 1040 Ciceronis
765 985 797 1041 et
818 974 962 1040 Caesaris
987 974 1176 1055 temporibus
1200 974 1286 1036 viros

165 1075 292 1139 Graecis
308 1076 422 1140 litteris
435 1077 576 1142 imbutos
590 1076 811 1162 inelegantium
827 1097 976 1160 nugarum
993 1073 1110 1154 Maeci,
1132 1073 1285 1138 Bucconis

165 1183 395 1259 ceterarumque
414 1177 566 1243 Oscorum
581 1197 781 1259 personarum
795 1179 954 1257 taederet,
971 1180 1075 1256 numi,
1098 1175 1205 1258 quales
1220 1176 1286 1239 La·

163 1277 267 1342 berius
285 1286 317 1343 et
332 1277 423 1345 Publss
442 1279 541 1363 Syrus
566 1280 758 1365 elegantibus
784 1283 918 1345 dicteriis
936 1287 968 1344 et
984 1281 1134 1344 sermonis
1150 1279 1286 1358 puritate

164 1377 291 1444 Graecis
308 1381 499 1446 aemulantes
525 1391 775 1465 composnerunt,
802 1403 857 1464 pro
874 1381 1023 1447 Atellanis
1043 1383 1076 1444 in
1094 1400 1219 1444 scenam
1235 1381 1284 1443 in-

163 1479 407 1567 duenentm).
450 1484 559 1565 ltaque
576 1505 619 1548 ex
634 1483 694 1548 hoe
711 1486 783 1548 inde
797 1477 937 1564 'tempore
955 1482 1132 1546 Atellanico
1152 1470 1288 1546 ars'Ro-

159 1603 232 1676 mac
249 1573 300 1646 diu
316 1586 429 1664 iacuit,
447 1593 481 1648 ut
496 1582 676 1649 Macrobius
693 1586 789 1650 tradit
800 1587 887 1669 22θ),
914 1607 1004 1665 quam
1021 1583 1142 1648 Tiberii
1164 1583 1284 1651 demum

161 1689 265 1748 aetate
282 1683 450 1751 Memmius
465 1685 577 1750 'denuo
603 1688 865 1771 suscitavit²²¹)‚
891 1689 936 1750 ita
960 1695 1082 1766 tamen,
1109 1692 1145 1749 ut
1158 1687 1285 1748 numum

161 1805 256 1850 scena
272 1808 336 1851 non
354 1789 478 1853 omnino
497 1789 667 1851 extrusisse
684 1788 852 1862 videretur3
873 1809 944 1851 nam
960 1790 1131 1866 promiscue
1145 1787 1182 1849 de
1198 1793 1284 1850 aba·

162 1907 223 1965 que
248 1887 419 1951 dramatum
435 1885 545 1968 'specie
570 1889 650 1970 apud
675 1891 841 1971 scriptores
866 1909 968 1952 senno
994 1895 1051 1952 est.
1101 1888 1166 1952 lam
1191 1909 1284 1967 quum

161 1993 300 2066 tempore
325 1987 451 2052 labente
475 1991 579 2069 mimi,
603 1997 651 2056 ut·
664 1998 763 2054 totum
781 1991 982 2054 dramaticum
999 2011 1114 2074 genus,
1141 2013 1159 2054 a
1182 1990 1286 2068 prisca

161 2084 485 2170 elegantia⁷obiissent
502 2099 535 2154 et
549 2094 582 2154 in
595 2091 690 2155 vilem
699 2091 796 2172 plebis
805 2090 1043 2156 delectationem
1051 2093 1161 2155 mutati
1170 2098 1284 2168 essent,

162 2191 195 2250 et
219 2187 387 2253 Atellanae
412 2190 521 2256 favore
547 2199 580 2256 et
603 2195 686 2273 iure,
712 2214 772 2274 quo
804 2200 896 2257 antea
920 2213 995 2257 usae
1020 2201 1109 2272 sunt,
1134 2196 1284 2274 privatae,

28 2335 33 2338 .
161 2288 255 2352 etiam
272 2289 312 2353 ab
329 2289 529 2358 histrionibus
548 2294 731 2374 ederentur,
758 2316 821 2359 non
837 2293 907 2358 ficri
923 2297 1040 2375 potuit,
1067 2297 1138 2374 ‘luia
1154 2301 1284 2374 utraque

159 2393 278 2470 species
297 2391 496 2474 coalesceret,
514 2394 605 2460 Oscis
622 2399 804 2476 praesertim
820 2399 973 2477 personis,
990 2395 1173 2474 studetur,
1191 2417 1285 2477 saepe

69 2571 73 2584 Ι
161 2511 235 2554 cum.
247 2491 317 2556 aliis
333 2500 469 2558 mutatis.
521 2496 672 2560 Palliatae
698 2499 821 2578 quidem
837 2496 962 2560 fabulae
980 2505 1012 2560 et
1028 2504 1154 2580 togatae
1169 2499 1284 2562 sensim

161 2594 255 2655 edam
272 2595 374 2656 mimis
392 2603 568 2675 cesserant,
593 2598 675 2660 undo
691 2600 754 2660 iam
769 2597 943 2661 Antoninus
961 2597 1166 2678 Philosophus
1182 2600 1286 2678 queri-

160 2693 226 2771 tur?9
241 2715 308 2756 suo
325 2703 473 2776 *tempore
499 2715 612 2760 novam
633 2699 823 2762 comoediam
842 2700 882 2760 ad
898 2701 1051 2762 minoricam
1068 2698 1168 2763 solam
1185 2706 1284 2763 artem

89 2791 93 2796 ’
161 2795 424 2880 residissem&

169 2919 190 2942 ν
247 2895 394 2976 Superest
411 2919 507 2984 genus
525 2899 716 2978 dramatum,
743 2921 812 2963 curn
830 2921 888 2980 quo
905 2897 1071 2996 Atellanae
1088 2907 1121 2964 et
1135 2923 1155 2965 a
1171 2905 1286 2966 veteri-

161 2995 219 3060 bus
236 3005 270 3060 et
286 3019 305 3060 a
321 2999 545 3069 recentioribus
570 3000 769 3080 scriptoribus
791 2994 972 3083 saepissimo
990 3009 1186 3082 comparatae
1201 3009 1283 3082 sunt,

162 3097 271 3163 mamm
287 3099 462 3185 Satyricum
479 3102 679 3166 Graecorum.
729 3102 796 3168 lam
813 3102 887 3167 olim
906 3103 949 3167 de
965 3102 1024 3167 hac
1039 3106 1144 3184 inepta
1161 3123 1284 3183 compa-

161 3203 282 3264 ratione
299 3206 349 3288 egi
364 3205 398 3267 in
413 3203 521 3267 libello
539 3204 578 3267 da
594 3200 632 3268 L.
649 3203 756 3288 Pomp.
773 3227 804 3286 p.
821 3210 859 3269 31
879 3227 944 3286 sqq.
973 3204 1084 3289 Longe
1098 3204 1284 3269 elieborum

161 3323 294 3382 poeseos
310 3327 459 3389 generum
474 3308 555 3370 ratio
573 3313 621 3370 est
630 3353 640 3386 ,
663 3315 696 3370 et
713 3306 872 3388 quodiam
888 3312 1011 3372 veteres
1029 3306 1228 3370 Grammatici
1246 3328 1285 3369 ca

31 3413 35 3422 '
161 3405 245 3468 inter
269 3428 304 3470 so
330 3415 565 3488 compararunt,
591 3429 653 3472 non
678 3416 743 3473 tam
765 3401 891 3473 ¹interna
917 3408 1049 3488 quadam
1074 3407 1299 3487 similitudine,¹

162 3515 413 3588 premortuus,
439 3531 518 3590 quae
537 3510 621 3574 casui
637 3513 739 3590 potius
756 3510 899 3589 debean,
925 3509 1040 3574 factum
1062 3530 1131 3572 csse
1147 3516 1285 3589 apparet.

164 3602 265 3680 Quam
289 3630 395 3688 parum
421 3615 488 3674 sani
506 3619 546 3675 et
570 3616 704 3677 accurati
721 3613 838 3678 ineunt
857 3610 936 3676 tales
954 3602 1095 3675 honhnes
1112 3612 1144 3675 in
1162 3631 1286 3691 compa·

162 3766 369 3786 ———0--—-

167 3845 170 3854 '
223 3835 290 3928 mo)
309 3867 534 3935 arenosam,
553 3873 593 3918 ru.
704 3919 707 3924 .

192 3939 193 3944 A
229 3969 289 4030 22⁰)
306 3971 417 4019 Macrob.
426 3973 479 4021 Sat.
489 3974 511 4033 1,
529 3953 581 4020 tt).⁸
624 3943 626 3954 Α

213 4043 217 4076 ³
228 4071 290 4133 221)
300 4039 417 4121 'Macron
425 4072 444 4120 l.
455 4066 477 4123 c.'
486 4075 519 4123 ci.
529 4039 559 4122 dc
567 4076 595 4124 b.
604 4075 723 4138 Pompon.
734 4078 801 4137 μδ.
834 4121 837 4126 ,
899 4037 902 4048 ⁵

164 4157 168 4168 ’
229 4169 291 4237 222)
307 4175 341 4220 Μ.
350 4175 442 4226 Anton.
451 4174 565 4225 derebus
574 4178 626 4225 suis
635 4179 683 4240 xl,
702 4181 729 4226 6:
746 4173 789 4226 καὶ
801 4169 919 4243 desudavi
931 4167 1186 4243 odoacrupdloc‘paor’
1196 4169 1286 4240 dllyor

163 4237 205 4289 dni
213 4235 261 4306 mic
269 4239 417 4307 semanima
426 4242 588 4306 φιλοτεχνίαν
596 4240 718 4314 ὑπέρῥίη.
