2840 4948
576 269 786 383 '-„„⁸..⁵.„.

120 496 456 560 hanchtiuthonicasn
473 497 607 574 speciem
624 493 671 558 illi
687 490 911 574 Epicharmeae
928 493 1127 572 praeferrent.
1157 490 1246 575 'Epi-
1273 521 1281 540 t

120 593 237 661 charmi
261 596 401 674 fabulae,
429 617 520 676 quum
536 587 654 658 Romae
677 594 742 658 ludi
760 595 873 657 scenici
890 597 922 656 in
940 592 1058 660 deliciis
1076 617 1145 658 esse
1162 597 1245 660 ince-

115 702 251 778 parent,
277 698 329 760 vel
346 697 426 778 apud
444 697 580 762 Graecos
597 700 660 778 iam
681 717 806 760 scenam
828 695 1001 763 deseruisse
1020 695 1176 770 videntum
1194 719 1246 762 co·

118 802 191 862 urici
209 807 311 869 autem
329 798 460 862 Romani
476 805 651 879 temporum
675 818 854 876 morumque
876 798 998 883 ratione
1015 795 1123 860 habita
1139 819 1248 861 recen·
1287 805 1291 813 ‘
1321 856 1325 876 ,

120 902 254 964 tissimus
265 913 407 981 'quosque
431 903 547 964 imitari
564 897 736 968 malebautz
763 901 870 977 itaque
896 919 1009 961 novam
1027 899 1180 962 Graecam
1199 921 1248 960 co-
1350 973 1356 993 )

119 1002 274 1065 moediam
298 997 419 1066 rhediae
432 1009 477 1066 et
497 1003 631 1082 priscae,
658 999 882 1064 Rhinthonicas
898 999 1020 1063 fabulas
1037 999 1248 1080 Epicharmeis

119 1103 349 1182 praeferahautq
368 1123 467 1183 neque
483 1103 656 1167 mirandum
674 1109 733 1180 est,
751 1100 807 1164 has
820 1099 942 1164 fabulas
960 1103 1133 1164 scurrarum
1151 1124 1249 1185 nuga·

119 1211 281 1284 torumque
307 1205 383 1268 iocis
400 1205 537 1288 insignes
557 1202 642 1285 plebi
662 1203 824 1268 Romanae
842 1204 941 1286 magis
959 1201 1130 1282 placuisse,
1158 1225 1249 1285 quam

120 1305 295 1385 Epicharmi
311 1304 394 1368 sales
412 1297 631 1388 elegantiores.

201 1405 269 1470 Iam
293 1405 508 1470 Atellanarum
538 1409 703 1485 scriptores
734 1407 813 1468 hanc
842 1403 1082 1468 Rhinthouicam
1114 1410 1247 1486 speciem

79 1570 81 1579 ,
121 1508 260 1572 colentes
278 1508 424 1590 coniicio,
442 1515 476 1570 ut
492 1509 556 1571 iam
572 1527 663 1586 supra
680 1508 784 1582 auum,
802 1521 858 1585 pro
876 1507 975 1568 servis
990 1510 1114 1570 comicis
1132 1530 1150 1572 e
1168 1496 1270 1572 nbva‘

121 1611 286 1676 comoedia
304 1607 494 1673 Graecorum
510 1609 637 1688 petitis,
649 1606 751 1672 Oscae
766 1628 918 1687 personas
933 1609 1163 1688 introduxisse,
1191 1631 1250 1688 que

119 1733 156 1774 re
182 1731 236 1774 eos
262 1710 303 1774 oh
320 1708 486 1790 spectaculi
511 1697 684 1774 nbvitatem
706 1716 738 1773 et
754 1711 905 1772 maiorum
922 1709 1032 1772 haram
1048 1731 1250 1788 personarum

120 1835 190 1875 cum
216 1813 274 1875 diis
299 1810 506 1891 heroibusque
532 1812 740 1877 differentiam
767 1812 891 1874 omnino
910 1811 1075 1889 comicum,
1100 1819 1137 1875 ut
1154 1815 1250 1890 ainut,

121 1915 265 1977 effectum
289 1915 401 1978 mirum
422 1905 458 1976 ¹in
483 1913 608 1978 modum
629 1913 775 2008 auxisse,
801 1910 963 1992 probabile
989 1921 1046 1977 est.
1092 1912 1187 1990 Cuius¹
1204 1917 1251 1977 r'ei

120 2015 192 2078 licet
208 2015 348 2082 veterum
363 2013 661 2080 testimoniaafferre
674 2034 840 2093 nequeam,
858 2020 974 2094 tumen,
993 2017 1065 2095 quin
1082 2017 1128 2081 ita
1144 2015 1249 2095 merit,

120 2120 177 2180 vix
194 2116 312 2180 dubito.
617 2199 618 2202 Ἴ
768 2191 772 2198 ¹
968 2179 971 2190 ,
1003 2187 1025 2196 Ἴ,

204 2217 431 2298 Recenseamus
448 2238 529 2280 nunc
546 2238 600 2280 eas
617 2215 759 2295 fabulas,
782 2218 924 2298 quaeoh
942 2218 1067 2292 titulum
1082 2226 1137 2286 aut
1152 2219 1250 2286 llhiu-

121 2319 268 2384 thonicae
284 2317 411 2384 habitae
429 2326 515 2400 sunt,
541 2325 595 2381 aut
620 2316 727 2390 haberi
752 2327 893 2396 possunt.
937 2316 1058 2384 citata
1081 2323 1251 2399 primumn
1299 2359 1301 2368 ι

121 2480 330 2495 u-n———P—-fi

121 2578 261 2626 certatione
270 2577 300 2625 de
309 2578 482 2626 Rebussecris
491 2579 621 2628 etartibua
635 2583 748 2639 veterum
757 2570 952 2628 Tarentinorum
967 2593 991 2639 p.
1002 2579 1032 2626 26
1042 2594 1096 2639 sqq.
1130 2580 1251 2628 Dabimus

122 2647 226 2707 exhac,
244 2656 308 2706 quae
317 2647 428 2694 maxime
436 2649 564 2707 pertinent
573 2649 604 2694 ad
613 2647 797 2708 haucspeciem
805 2647 897 2707 melius
906 2649 1119 2709 coguoscendam:
1137 2647 1251 2708 „Appel-

120 2713 357 2778 „labeturllhintho
367 2709 450 2770 φλύαξ
462 2716 503 2762 rel
516 2713 636 2784 φλύαρος,
654 2718 740 2777 steph.
755 2719 815 2777 Byz.
828 2711 916 2784 Τάρας
930 2720 956 2767 et
967 2717 1118 2764 Eustethius
1132 2718 1164 2764 ad
1176 2719 1251 2764 Dion.
1302 2719 1304 2724 ’

120 2782 233 2844 „Perieg.
249 2783 308 2844 ³76,
326 2777 544 2848 quippedpxryydr
561 2779 783 2852 φλυαιὲογραφὶας,
801 2785 870 2833 Suid.
881 2779 1004 2833 ‘Pineum
1020 2811 1055 2820 —
1071 2786 1194 2845 Stephani
1203 2799 1250 2832 ex-

120 2849 242 2912 „,plicatio
259 2863 289 2897 eo
308 2849 408 2911 egregie
424 2851 551 2908 firmatur,
568 2853 635 2910 quod
652 2849 759 2910 φλύακις
774 2849 892 2920 spurcari
908 2852 1057 2900 inNossidir
1071 2853 1252 2914 epigrammate

122 2917 278 2980 „Rhiuthoni
293 2919 448 2980 tribuuntur,
474 2933 523 2976 quo
542 2920 604 2967 item
621 2924 719 2980 spectat
736 2921 966 2982 hilarctragoediae
984 2922 1020 2968 sic
1039 2921 1132 2980 dictae,
1159 2935 1252 2979 nomeu

120 2985 368 3047 „phlyacographise
385 2999 553 3046 synonymum
570 2988 637 3048 apud
645 2989 714 3036 satu.
723 2989 740 3034 l.
750 3003 780 3050 c.‚
798 2987 860 3034 nihil
878 2990 943 3037 enim
956 2989 1024 3036 eliud
1033 2989 1071 3034 illi
1080 2982 1189 3045 plllorcc
1198 2989 1252 3035 aire
1269 2995 1276 3000 “

122 3051 368 3114 „bilarotragoediae
377 3054 596 3117 tuisserideutur,
613 3067 687 3114 quam
696 3057 841 3115 tragoediae
854 3056 881 3104 in
890 3055 1024 3112 ridiculum
1034 3069 1187 3118 conversae,
1205 3070 1251 3102 noa

113 3119 242 3184 ,dicimur
252 3121 394 3184 Travestie,
412 3123 445 3169 cf.
455 3121 653 3181 Cupericbserr.
669 3137 692 3182 p.
707 3125 738 3168 tc
749 3137 797 3188 sq„
819 3124 892 3170 Patet
906 3123 991 3184 simul,
1009 3123 1250 3183 curhilerotragoe-
1347 3167 1351 3175 ,

122 3185 184 3250 „dia
198 3188 333 3236 admodum
352 3201 411 3236 serm
422 3189 559 3237 exstiterit.
593 3189 694 3237 multer.
712 3191 774 3238 Dor.
784 3191 854 3238 Tom.
864 3191 885 3236 ll
895 3205 918 3250 p.
929 3191 990 3248 3543
1008 3194 1141 3251 oportebat
1151 3191 1215 3236 enim
1226 3195 1252 3236 et

119 3256 293 3317 „traguedism
302 3259 328 3304 et
336 3257 492 3306 comoediam
501 3258 603 3306 omninno
612 3260 741 3306 excultam
753 3271 811 3304 esse
824 3262 850 3305 et
858 3258 1013 3318 absolutam,
1031 3260 1097 3316 quod
1106 3257 1204 3306 iactum
1213 3261 1252 3306 est

120 3324 266 3384 „Euripidis
283 3328 309 3371 et
318 3325 493 3384 Aristophanis
511 3329 595 3374 aetate
605 3327 703 3388 Olymp.
713 3327 917 3386 cxxx-xc,
937 3331 1070 3384 antequam
1088 3341 1182 3374 novum
1192 3327 1251 3374 dra-

120 3396 234 3454 „mstum
252 3405 331 3453 genus
350 3394 381 3440 ad
395 3393 457 3440 artis
467 3394 548 3454 legem
558 3389 735 3454 coustitutum,
753 3393 851 3455 tragica
861 3397 1009 3454 argumenta
1018 3395 1161 3441 comoediae
1171 3394 1253 3442 instar

119 3463 253 3522 ‚precam
262 3462 289 3508 iu
298 3471 399 3510 scenam
409 3461 527 3521 prodiret.
562 3461 641 3511 Paulo
654 3462 732 3522 igitur
740 3461 975 3514 auteRhihtboncm
984 3461 1057 3508 initia
1066 3475 1114 3512 sua
1121 3462 1253 3522 tragoedia

119 3529 234 3587 „hebuib
251 3555 286 3564 -
302 3530 361 3578 Nou
377 3530 524 3588 negaverim
541 3530 622 3576 luisse
634 3531 757 3588 quoddam
772 3531 796 3576 in
810 3530 858 3577 hac
869 3529 998 3578 comoedia
1007 3529 1156 3577 elementum
1166 3531 1251 3577 mimi·

121 3609 203 3658 „cum
220 3621 254 3632 -
271 3595 339 3644 abiit
352 3596 449 3644 indoles
463 3597 564 3644 mimica
573 3611 607 3644 ex
619 3597 675 3656 ipra
685 3599 807 3657 patriaad
817 3599 921 3646 colonos
931 3597 1093 3658 Tarentinos,
1112 3601 1252 3659 augebatur·

120 3663 231 3725 „deiude
242 3669 267 3710 et
274 3665 429 3712 incitabatur
438 3665 553 3724 Dionysii
563 3665 738 3725 sollemnibus,
757 3667 847 3723 quibus
860 3680 942 3724 neque
950 3665 1164 3725 hilarntragoedia
1172 3668 1251 3728 origi-

119 3745 196 3796 „aeur
213 3745 283 3780 suam
300 3747 353 3780 nun
370 3733 467 3792 debuit,
483 3732 660 3788 Mullorum.
678 3748 701 3792 p,
712 3736 768 3781 348.
785 3759 819 3768 -
834 3728 1253 3790 Rhiuthouisplrluearveraeraut
1327 3781 1335 3794 x

120 3797 259 3862 „dramata
277 3797 377 3848 muller.
394 3801 455 3848 Dor.
473 3800 496 3846 11
512 3817 536 3862 p.
546 3803 603 3850 365.
619 3827 654 3838 -—
669 3802 1252 3862 FerebsnturapudretererRhinthonislubu-
1317 3851 1319 3859 ,

121 3866 180 3930 „lae
190 3867 235 3928 3⁸5
253 3867 337 3926 Steph.
349 3863 443 3936 Τάρας,
460 3871 580 3928 recteque
594 3871 668 3918 vocat
681 3869 726 3916 hes
736 3869 835 3919 fabulas
848 3870 957 3929 tragicae
967 3873 992 3916 et
1002 3871 1112 3917 comicus
1120 3870 1190 3918 suin.
1201 3883 1220 3916 s.
1231 3884 1251 3916 v.

122 3928 267 3998 ,ξΡίνθωη
285 3935 351 3992 quod
367 3937 493 3998 tragicum
509 3941 686 4000 argumentum
704 3931 858 3984 admirorum
875 3939 973 3985 ratione
987 3939 1124 3986 tractatum
1138 3940 1201 3986 erat.
1221 3962 1248 3970 —

120 3999 286 4066 „llaudantur
293 4003 443 4063 Amphitruo
447 4037 454 4066 ‚
474 4021 549 4066 quam
558 4007 669 4055 fabulam
679 4006 764 4054 nescio
775 4020 807 4052 au
816 4005 920 4062 Plautus
930 4005 1073 4073 Rhinthone
1083 4006 1161 4067 paulo
1170 4005 1253 4051 minor

120 4073 200 4132 „ante
209 4069 297 4119 oculos
305 4071 422 4120 habuerit
431 4074 585 4137 scripturus,
604 4075 670 4133 quod
683 4074 737 4134 ipse
750 4073 812 4122 dicit
824 4073 850 4120 in
861 4073 965 4135 prologo
974 4089 999 4126 v.
1009 4077 1040 4121 59
1050 4075 1253 4135 tragicocomoe·

120 4135 217 4209 „diamq
234 4139 291 4186 nou'
299 4139 368 4187 aliud
377 4143 478 4199 praeter
490 4145 538 4192 hoc
552 4143 635 4191 simile
648 4145 825 4203 argumentum
833 4144 953 4190 tractavit
966 4135 1041 4204 poeta
1049 4142 1155 4189 Latinus
1165 4135 1253 4202 (aliter

121 4219 219 4266 ‚‚uunc,
238 4210 362 4268 unbem,
385 4209 621 4274 'esstlethcrcutzh
639 4212 762 4259 Hercules
792 4211 936 4272 Iphigeniae
949 4212 1028 4272 duae,
1045 4211 1159 4272 orestes,
1176 4205 1251 4253 Tele-

123 4273 217 4335 „phus,
235 4276 491 4336 Meleagerrerruao
575 4304 580 4315 ‚
650 4291 653 4298 ⁴
773 4273 817 4291 ·’
1257 4277 1261 4284 .
