2844 4950
704 263 829 374 eo-

38 539 41 556 ,
162 484 245 549 odia
262 483 311 548 hic
328 490 517 551 senensium
534 491 734 554 contineatur.
786 487 870 554 Hinc
885 487 1068 575 intelligitur
1085 493 1190 572 etiem,
1217 495 1298 581 quid¹
1415 497 1416 560 ἰ

160 586 238 650 illud
255 594 386 666 postea
406 589 498 668 volit,
524 593 544 651 i.
564 612 592 653 e.
614 599 778 671 postquam
795 592 936 656 Graecae
960 593 1087 658 fabulae
1107 594 1147 658 ab
1165 593 1292 658 histrio·

161 688 249 751 nibus
267 691 319 772 agi
336 698 465 770 coeptae
483 699 600 770 essent,
628 694 710 772 quod
736 695 861 757 omnino
883 715 977 758 sensu
994 703 1095 774 caret,
1122 697 1150 758 si
1176 697 1293 759 exodia

162 809 232 853 cum
250 789 369 854 Stiavio
395 795 481 855 iocos
507 792 644 877 cingulos
667 793 873 874 explicamur;
901 815 973 859 nam
990 796 1063 875 quid
1079 803 1146 860 tum
1161 799 1291 877 impedi·

161 893 271 970 visset,
290 895 450 972 quominus
467 893 617 958 iocularia
629 896 835 960 antoLivium
843 896 1054 962 Andronicum
1071 899 1190 963 exodia
1198 901 1292 962 etiam

162 992 410 1074 appellarentur?

246 1092 400 1178 Conserta
417 1099 610 1175 potissimum
626 1095 796 1178 Atellanis,
816 1100 889 1164 dicit
904 1097 1028 1179 Lirim,
1055 1123 1119 1164 non
1136 1101 1288 1182 exodia,

161 1203 195 1260 ut
219 1194 286 1259 vult
311 1195 460 1274 Stieviue,
487 1199 544 1261 sed
567 1200 741 1279 ridiculo,
767 1208 803 1265 ut
823 1195 989 1266 verborum
1015 1223 1114 1266 nexus
1141 1202 1291 1283 postulat3

159 1300 265 1376 itaque
281 1317 345 1362 non
362 1321 431 1364 oum
448 1297 570 1365 Stievio
588 1301 687 1367 multa
705 1303 834 1383 exodia,
861 1305 916 1368 aed
942 1325 1011 1368 cum
1026 1301 1118 1366 Livio
1136 1303 1235 1369 multa
1251 1307 1292 1366 ri·

43 1465 48 1475 ,
159 1397 262 1462 dioula
278 1395 434 1466 Atellania
462 1411 606 1468 conserta
632 1425 701 1468 ease
726 1407 873 1470 dicamne.
915 1404 967 1469 De
984 1425 1078 1470 sensu
1093 1404 1205 1468 horum
1221 1427 1293 1468 ver-

159 1500 271 1565 borum
295 1505 359 1566 iam
384 1525 478 1586 supra
503 1509 569 1589 egi,
593 1514 707 1586 restat,
730 1516 765 1572 ut
783 1506 861 1571 illud
876 1510 1106 1587 potissimum
1125 1507 1290 1588 explicem.

158 1601 303 1667 Ridicule
327 1604 383 1668 illa
409 1603 458 1670 vel
472 1610 602 1687 'antiquo
620 1608 762 1671 Romano
779 1631 866 1672 more
883 1612 952 1672 elne
969 1609 1094 1674 fabulae
1111 1615 1292 1695 argumento

158 1705 373 1786 iaciebantur,
400 1706 451 1770 vol
472 1708 529 1774 sao
547 1707 638 1778 Oscis
659 1711 801 1788 personis
822 1709 947 1773 fabulae
969 1719 1152 1793 argumento
1169 1715 1293 1775 intexe·

125 1797 129 1808 ’
159 1807 283 1872 bantur.
326 1807 407 1870 lllud
423 1809 653 1887 potissimum
669 1809 793 1889 probat,
813 1808 929 1874 Oscum
945 1808 1053 1873 ludum
1069 1809 1214 1876 Romano
1230 1815 1294 1876 lra-

160 1911 354 1988 quentiorem
370 1909 477 1972 loisac-
509 1908 577 1974 Iam
595 1933 686 1991 quum
701 1909 832 1976 ridicula
848 1910 905 1974 illa
923 1911 1036 1974 exodia
1052 1909 1292 1992 appellarentur,
1359 1989 1364 1996 δ

158 2006 322 2073 Atellanae
348 2010 416 2074 viee
441 2008 566 2076 illorum
583 2012 746 2095 iungentes
773 2012 956 2076 exodiorum
981 2016 1107 2078 nomine
1128 2016 1223 2078 etiam
1239 2033 1294 2077 vo-

160 2112 277 2176 candae
304 2117 406 2183 ernnt3
432 2114 517 2176 unde
540 2121 646 2177 tamen
671 2133 734 2177 non
760 2116 911 2194 sequium
935 2114 1053 2178 exodia
1079 2121 1111 2179 et
1130 2113 1294 2180 Atellanas

158 2211 273 2290 ubique
290 2212 401 2276 eadem
418 2231 498 2277 esre.
541 2211 700 2280 Exodium
716 2217 799 2280 enim
816 2213 1021 2297 spectandum
1041 2215 1243 2296 quodcunque
1260 2219 1293 2279 in

159 2297 223 2375 line
239 2310 383 2378 ludorum
400 2315 518 2380 editum
534 2317 705 2403 significat,
722 2317 911 2402 Nuedepiel:
929 2317 1014 2380 Livii
1029 2317 1200 2382 Andronici
1216 2325 1295 2382 tem·

159 2413 286 2496 ponium
302 2416 434 2482 ridicula
450 2420 596 2483 iuvenum
612 2439 699 2484 more
717 2417 844 2502 antiquo
861 2421 1016 2498 iactitata,
1035 2417 1293 2498 poatAtellaoao,

160 2516 273 2580 deinde
291 2517 437 2584 Caesarie
462 2528 603 2599 tempore
629 2520 721 2584 Mimi
747 2521 868 2584 etalio
894 2529 1033 2600 temporo
1059 2519 1141 2583 aliae
1160 2521 1294 2583 fortasse

160 2618 333 2684 dmmatum
350 2621 470 2700 speciae
488 2621 593 2684 oxodll
608 2619 679 2684 looo
696 2628 767 2701 pust
782 2621 959 2704 tragoedias
973 2620 1155 2686 edebantur.
1188 2618 1295 2696 lQuod
1333 2704 1338 2716 ¹

159 2730 284 2801 praeter
300 2719 388 2785 illum
404 2719 519 2786 Lucilli
535 2741 674 2801 versum,
693 2743 784 2803 qoem
801 2741 893 2803 cupra
909 2721 1112 2802 laudavimus,
1132 2721 1293 2788 Ciceronis

159 2822 246 2888 locun
265 2821 491 2902 adFam.1X,
519 2827 559 2886 16
575 2824 699 2903 probat,
727 2827 780 2905 qui
797 2823 886 2905 dicit,
912 2834 969 2888 edo
994 2831 1134 2905 temporo
1155 2826 1291 2902 mimum,

160 2921 235 2990 olim
251 2925 432 2992 Atellanam
448 2926 642 3011 tragoediam
659 2933 799 2991 secutum
817 2947 900 3002 esue3
922 2933 960 2991 'et
985 2925 1068 3006 quod
1091 2924 1294 2990 Grammatici

159 3025 337 3092 Atellanam
352 3047 423 3092 oum
440 3027 585 3110 Satyrico
604 3028 742 3092 damnate
757 3025 947 3093 Graecorum
963 3036 1029 3092 tum
1047 3025 1087 3090 ob
1105 3025 1183 3090 aliae
1202 3048 1294 3108 quum

160 3131 200 3194 ob
218 3131 299 3196 hanc
325 3148 449 3194 caueam
474 3113 654 3212 comparare
671 3129 789 3211 colent,
817 3130 1084 3212 quodnamque
1110 3149 1207 3215 genus
1223 3136 1294 3208 poet

160 3234 339 3316 tragoediae
366 3234 407 3296 ad
431 3239 641 3314 spectatorum
667 3235 787 3298 animoa
819 3231 1007 3296 relaxandos
1037 3229 1154 3295 editum
1179 3229 1292 3318 gitta),

162 3332 253 3410 Quae
270 3353 363 3415 quum
379 3337 425 3398 ita
443 3337 516 3410 rint,
543 3354 605 3398 uon
622 3354 796 3415 possumus,
823 3335 897 3414 quin
913 3332 1126 3398 Atellanicom
1142 3333 1292 3396 exodium

161 3438 243 3517 apud
260 3436 348 3502 Suet.
367 3435 441 3502 Tib.
458 3440 514 3502 45:
541 3436 645 3517 „unde
663 3443 739 3501 nola
760 3439 793 3500 in
809 3434 985 3502 Atellanico
1007 3436 1122 3499 exodio
1140 3436 1292 3515 proximis

159 3539 240 3602 ludia
258 3561 385 3604 assensu
410 3541 550 3605 maximo
575 3547 705 3618 excepta
721 3537 931 3619 percrebult“:
957 3545 994 3605 et
1010 3537 1156 3602 exodium
1172 3534 1293 3602 Atella-

161 3662 222 3706 nae
239 3641 320 3721 apud
337 3639 444 3706 quen.
464 3641 531 3706 Sat.
552 3637 608 3718 vl,
627 3643 681 3704 71:

369 3743 512 3818 „Urbicus
530 3741 633 3804 exodio
652 3745 737 3804 risum
754 3756 849 3807 movet
869 3743 1016 3805 Atellanae

391 3845 518 3925 geslillue
534 3842 719 3906 Autonoee:“

228 3997 271 4060 id)
287 3997 427 4047 Alenviot.
445 3998 475 4046 de
492 3999 566 4046 lomb.
583 3997 655 4048 malr.
672 4001 696 4045 ll
714 4013 737 4059 p.
754 4001 833 4047 Adii:
852 4001 988 4061 „euperem
1004 3999 1164 4061 Satyricum3
1177 4023 1211 4036 ·-
1227 3997 1291 4044 llaec

161 4069 229 4130 epod
237 4071 349 4118 Graeco·
358 4067 434 4115 metri
441 4068 540 4127 xpeelee
550 4069 668 4126 frequen·
679 4067 732 4127 ert,
750 4071 796 4115 rut
805 4070 852 4115 luec
862 4069 1014 4117 conditioni·
1023 4069 1093 4129 lege,
1101 4093 1136 4105 -
1149 4066 1177 4113 nt
1185 4068 1292 4125 Satyrou

161 4137 266 4185 inducat
273 4135 376 4184 ludendi
386 4135 536 4194 locendloue
546 4147 637 4196 cauea,
656 4148 705 4194 quo
720 4137 871 4196 epectetorie
880 4137 980 4184 animur
990 4137 1057 4184 lnter
1065 4137 1152 4184 aleten
1161 4147 1202 4182 ree
1210 4135 1293 4194 tregi-

162 4217 205 4253 σοι
223 4207 374 4266 Satyrorum
391 4203 456 4254 loolu
473 4206 499 4251 et
515 4203 614 4253 lumibur
633 4203 775 4265 relaxetur,
792 4229 827 4244 ι-
847 4205 913 4263 quod
930 4219 1010 4266 genoe
1027 4204 1109 4254 nentri
1125 4204 1152 4252 in
1168 4203 1293 4252 Atellanio

160 4271 279 4324 hemum
317 4297 321 4306 ·

205 4425 213 4467 l
