2840 4948
649 203 811 306 tua*

120 477 186 522 ntus
202 464 237 523 et
253 455 398 539 Sophron
415 457 606 554 excipientes
623 455 846 524 drsmudce'et
861 455 1016 543 Magire
1032 457 1251 536 adhibuerunt,

121 557 311 626 Theocritus
337 567 370 624 et
392 562 447 642 qui
469 579 543 654 enm
566 560 668 626 murti
691 567 766 628 saut
781 558 916 625 bucolici
932 561 965 624 in
983 561 1102 642 epicam
1117 559 1253 626 ternam

117 659 356 727 memmerunt.
767 704 770 712 ·
985 643 989 672 '

202 763 338 828 Ennium
361 765 458 848 igitur
470 761 647 830 Satirarum
668 771 827 830 aucturam
847 763 1016 844 habemus,
1040 764 1115 844 quis
1138 762 1255 844 primns

121 865 242 930 Sutir‘ae
259 865 399 931 adhibita
411 864 525 930 Graeci
542 866 691 932 dramatis
702 867 806 932 foruna
821 869 990 948 scripserit,
1006 863 1163 930 Lucilium
1178 883 1256 926 vero

121 966 293 1032 Satirarum
306 969 417 1048 opicae
433 967 554 1032 formae
569 971 767 1034 inventorem
779 971 863 1053 Μ).
903 966 992 1045 Quae
1010 987 1103 1050 quum
1120 967 1166 1029 lta
1182 965 1256 1043 sint,

122 1070 194 1150 quid
212 1070 335 1148 obstat,
358 1071 525 1149 quominus
541 1067 749 1151 Pomponium
764 1068 930 1135 Atellanae
953 1072 1152 1134 inventuram
1172 1065 1258 1129 diua-

120 1192 208 1252 mus,
235 1171 319 1252 quod
342 1173 458 1251 primur
474 1170 638 1238 Atellanae
663 1174 795 1254 scriptas
819 1172 974 1252 ediderit,
998 1179 1128 1236 externa
1148 1174 1258 1233 aarum

119 1272 223 1338 senua
239 1274 350 1355 ceteris
368 1273 543 1339 dramatum
558 1274 735 1360 generibus,
754 1295 832 1354 quaa
849 1275 964 1338 tamin
981 1293 1076 1337 scena
1092 1274 1258 1346 steterunt,

121 1373 290 1455 adaptata?
333 1373 483 1440 Inventor
508 1376 592 1440 οιιίιιι
613 1395 677 1442 uon
700 1378 730 1440 is
756 1383 824 1456 est,
850 1377 903 1456 qui
930 1375 1095 1456 quidquam
1117 1393 1135 1438 e
1156 1367 1256 1436 nihilo

120 1484 226 1556 creat,
253 1497 344 1558 quem
359 1478 463 1558 potius
482 1483 655 1542 creatorem
673 1478 777 1541 dicere
793 1476 842 1542 tas
860 1482 927 1556 est,
953 1476 1009 1543 sed
1035 1477 1088 1557 qui
1104 1495 1184 1556 quae
1200 1493 1257 1536 an·

118 1586 173 1644 tea
190 1581 345 1644 disiuncta
361 1585 471 1659 crant,
488 1599 572 1642 noro
589 1578 683 1644 modo
695 1559 878 1664 ¹cosriungit,
905 1598 1001 1658 equa
1020 1574 1175 1642 connubio
1193 1593 1257 1638 nou

118 1698 194 1747 mro
211 1681 336 1762 poetica
351 1681 470 1760 species
486 1678 637 1768 singulari
645 1682 777 1761 quadum
794 1679 897 1746 indole
914 1678 1057 1760 praedita
1072 1677 1258 1760 proprioque

119 1779 413 1866 iugenioanimata
437 1783 575 1866 gignitur
592 1781 647 1867 (cf.
667 1780 825 1848 Wieland.
851 1783 892 1848 ad
910 1781 1023 1848 Horat.
1040 1771 1139 1862 Epist
1157 1774 1185 1857 I,
1203 1781 1257 1856 19,

97 1867 98 1878 ἵ
117 1888 187 1960 25).
230 1881 385 1949 Lucilium
400 1884 595 1950 inventorem
613 1883 737 1950 Satirae
752 1893 838 1951 recto
856 1884 937 1966 dici,
959 1882 1102 1950 concedit
1118 1876 1258 1946 Sehobe-

120 2006 174 2050 rus
191 2009 222 2068 1¹·
239 1991 272 2066 8,
296 1986 356 2050 sed
381 2007 480 2067 neque
505 1992 635 2070 tangere
652 1985 813 2053 hominurn
829 1990 908 2054 vitia
926 2008 996 2052 cum
1012 1985 1168 2052 iuvenisse
1184 2000 1258 2062 pro-

120 2087 240 2169 babit,
253 2089 437 2169 praesertim
455 2109 547 2170 quum
563 2087 715 2156 Horatius
732 2091 800 2171 ipse
818 2087 886 2154 Sat.
904 2088 936 2169 Ι,
952 2096 985 2170 4,
1004 2093 1021 2154 1
1039 2125 1082 2137 -
1099 2089 1119 2150 6
1137 2103 1208 2148 eum
1223 2082 1258 2147 ia

121 2185 182 2256 hac
197 2212 232 2254 re
247 2198 350 2257 totum
367 2190 552 2272 pependisse
567 2211 590 2252 a
606 2192 701 2272 viris,
723 2213 854 2272 quorum
871 2193 1035 2257 comoedia
1050 2190 1165 2272 ramea,
1182 2184 1257 2249 Ιιοι-
1303 2211 1305 2216 ’

123 2299 347 2386 ιιιιιὶιοοιιιιιιιι
376 2291 478 2368 dicat,
503 2311 604 2371 neque
629 2290 847 2356 hexametrum
869 2294 1008 2374 epicum,
1035 2311 1095 2370 quo
1116 2307 1191 2352 usus
1207 2290 1258 2350 est

124 2389 286 2470 plurimum
303 2394 337 2456 in
354 2391 485 2470 Satiris,
502 2413 601 2472 nequa
618 2413 710 2473 quem
728 2392 822 2459 alium
838 2414 962 2457 versum
979 2389 1166 2467 adhibuerit,
1185 2407 1258 2450 cou-

124 2491 240 2558 didisse
253 2515 331 2560 eune
342 2494 493 2574 primurn,
519 2494 683 2574 ostendere
699 2496 826 2577 patena
868 2492 1058 2576 Aeschylum
1074 2487 1258 2575 tragoediae
1273 2479 1280 2488 ’

124 2603 280 2674 parentem
297 2615 465 2674 venamur,
483 2615 584 2678 neque
601 2597 628 2658 is
646 2597 798 2682 tragicum
814 2606 1028 2682 argumentum
1045 2593 1184 2671 creavit,
1201 2610 1258 2654 ue·

126 2715 185 2774 que
197 2699 313 2778 primus
329 2703 432 2761 metra
449 2695 604 2786 dialogice
617 2704 662 2784 ,et
685 2695 798 2762 melica
819 2697 965 2762 ostendit.
1009 2695 1120 2780 Itaque
1145 2691 1258 2758 eodem

124 2798 208 2879 iure,
234 2820 295 2880 quo
312 2795 467 2868 Lucilium
484 2797 607 2878 Satiree
625 2796 841 2880 inventorem,
867 2797 1058 2884 Aeschylum
1074 2795 1258 2881 tragoediae

124 2905 241 2979 panem
256 2901 406 2982 dicimus,
424 2922 515 2982 quem
531 2893 636 2967 tamen
654 2885 791 2986 Thespis
808 2902 921 2984 aliique
938 2869 1116 2966 rudimenta
1131 2911 1259 2982 tragoe-

126 3000 198 3064 diae
221 3009 253 3064 et
272 3004 362 3083 quasi
383 3003 526 3088 germina
547 3002 683 3068 colentes
709 3003 905 3088 praeierunt,
931 3002 1137 3084 Pomponium
1161 2999 1259 3062 etlam

125 3107 247 3180 patrem
260 3103 323 3168 siue
337 3106 534 3169 inventorem
547 3102 713 3169 Atellanae
730 3115 815 3169 recte
833 3105 937 3167 dicere
953 3123 1128 3185 possumus,
1146 3100 1257 3182 quippe

117 3203 180 3284 'qui
195 3198 355 3268 Atellanas
372 3206 465 3270 rudes
481 3208 626 3269 iuvenum
642 3205 675 3268 iu
693 3212 792 3270 artem
808 3207 983 3270 mutaverit.

211 3301 346 3396 Qmuern
365 3329 440 3372 vero
465 3305 552 3374 litem
577 3307 703 3371 dirimat
726 3293 870 3372 Velleius
895 3309 982 3390 ipse,
1007 3302 1103 3388 quil,
1122 3307 1162 3367 17
1179 3301 1259 3370 haec

126 3404 236 3472 habet:
263 3425 374 3483 „naum
397 3411 456 3503 nisi
483 3431 596 3492 aspera
621 3429 658 3473 au
683 3409 774 3476 rudia
797 3395 922 3493 repetas
948 3418 981 3474 et
1004 3408 1152 3473 inventi
1174 3404 1259 3469 lau·

127 3507 274 3598 „danda
291 3512 445 3590 nomine,
462 3510 591 3575 inAttio
610 3513 752 3593 uncaque
769 3533 840 3577 eum
857 3509 999 3576 Romana
1015 3509 1179 3596 tragoedia
1196 3513 1257 3586 est,

126 3608 317 3689 „dulcesque
333 3607 436 3677 Latin
459 3610 575 3694 leporis
592 3614 726 3678 facetiae
739 3605 803 3696 'per
824 3609 995 3679 Caecilium
1012 3609 1259 3690 'latentiumque

126 3719 186 3792 „et
201 3708 374 3806 Afranium*
390 3716 513 3796 suppari
537 3723 639 3781 aetate
665 3715 859 3782 nituerunt.“
899 3711 1002 3808 Nemo
1020 3715 1108 3780 euim
1128 3733 1193 3778 non
1208 3712 1259 3774 ui·

196 3965 258 4023 26¹1)
274 3967 443 4020 Deviuoeuu
461 3974 572 4023 auctor
589 3977 615 4022 et
631 3974 779 4023 inuentor
795 3975 829 4023 ci.
846 3976 947 4024 Mauso:
970 3967 1258 4023 remurmuremu-

126 4035 280 4098 lsngmnd
286 4033 514 4100 Aestimemus:
531 4046 663 4092 auctorum
677 4043 738 4092 dicit
746 4055 799 4091 nou
807 4042 957 4092 solamentu
971 4055 1041 4104 aesc,
1059 4036 1258 4102 quisliquidlu-

125 4105 226 4160 veniet,
243 4103 289 4150 sed
302 4104 346 4162 qui
359 4109 474 4166 exemplo
491 4111 544 4159 sire
557 4111 666 4160 coneilio
675 4123 784 4162 suumn
793 4111 1026 4174 amparetsireiu
1035 4105 1258 4166 consterneret,

125 4172 329 4220 interularum
338 4171 526 4231 Kiopetcekirrn
535 4175 1070 4243 inventorenvermseptetaernsnorum,
1086 4172 1257 4226 Fischertiuu

126 4239 515 4292 siueGutlschediumsuetorem
525 4245 606 4294 habet.
721 4267 724 4274 ’
973 4277 976 4284 .
1130 4265 1132 4270 ·
