2844 4950
661 297 707 370 21

119 525 263 602 „tardum
272 523 435 587 Atellanae
451 524 485 584 in
502 525 670 606 tragoediis
688 531 720 586 et
737 523 844 588 exodii
861 526 894 586 in
910 523 1078 602 Atellanis,
1097 527 1149 605 qui
1160 527 1250 588 ¹nrimi

118 624 217 704 „olim
234 625 316 705 luit,
327 647 416 688 usum
432 625 528 688 fuisse
546 623 725 688 credamusi
753 622 835 688 'Iam
854 621 1017 687 Atellanae
1044 625 1166 704 quidem
1183 624 1250 706 plu-

6 729 8 740 ’
118 747 193 806 „res
211 728 308 790 lirism
326 735 411 790 actus
432 749 496 790 uon
514 734 650 799 conatam
669 725 726 790 sed
743 725 843 790 simile
862 726 933 806 quid
949 728 982 788 in
992 724 1140 790 Atellana
1156 730 1251 791 etiam

119 827 214 907 „fieri
230 831 381 908 potuisse,
409 837 551 894 natruam
569 837 602 891 et
622 825 776 894 rationem
793 829 859 890 cius
876 829 1077 907 respicientes
1094 827 1186 891 facile
1203 831 1250 891 in-

117 928 318 1014 „telligimus
364 930 401 993 In
416 929 571 995 Atellanis
590 932 686 1009 euim,
705 911 888 1010 quemquam
905 937 1089 1013 argumento
1108 929 1251 993 sereban-

117 1038 207 1110 „tnr,
233 1039 339 1114 ,tamen
357 1053 449 1112 quum
466 1033 555 1096 initio
574 1053 617 1094 ex
632 1039 773 1112 tempore
791 1039 971 1114 egerentem,
1000 1051 1065 1094 uon
1085 1033 1131 1095 ita
1148 1030 1252 1112 dispo-

116 1134 215 1211 „sitas
233 1133 330 1198 fuisse
345 1155 397 1198 res
415 1142 507 1214 atque
523 1137 607 1197 inter
623 1155 658 1198 se
676 1133 854 1197 cohaesisse
872 1132 1040 1198 verisimile
1058 1139 1120 1212 eat,
1137 1141 1173 1196 ut
1190 1154 1252 1197 non

117 1235 298 1313 „interdum
325 1235 442 1316 aliquid
469 1236 706 1299 desideraretur.
754 1235 855 1315 Atque
874 1235 914 1298 ad
930 1236 1085 1298 eiusmodi
1102 1237 1190 1315 quasi
1207 1234 1252 1297 la·

117 1357 236 1414 „cunas
254 1337 438 1419 explendas,
457 1344 493 1402 ut
509 1337 662 1402 haberent
678 1345 886 1418 spectatores,
913 1357 973 1416 quo
990 1339 1114 1401 interim
1132 1341 1251 1416 animoa

118 1437 360 1520 „oblectarent,
376 1438 506 1502 ridicula
522 1441 654 1518 inserta,
680 1439 733 1502 ubi
749 1461 825 1502 vero
841 1461 916 1502 usus
934 1438 993 1502 hoc
1010 1461 1072 1504 uon
1090 1440 1251 1524 exigebat,

119 1541 174 1618 „in
191 1537 255 1604 fine
271 1541 348 1606 mihi
365 1550 437 1605 acta
452 1543 606 1605 videntur.
650 1539 744 1614 Quod
759 1547 795 1604 ut
810 1542 855 1604 ite
876 1541 994 1604 lactum
1011 1563 1080 1604 esse
1097 1551 1250 1622 putemus,

117 1645 240 1726 „magis
266 1645 361 1707 etiam
385 1642 562 1708 fabularum
577 1640 728 1707 Atellanis
747 1639 972 1708 simillimanun
991 1641 1062 1706 dell’
1080 1651 1157 1722 arte,
1176 1663 1251 1723 quas

116 1743 215 1821 „Itali
240 1745 358 1825 dicunt,
384 1747 466 1810 ratio
492 1747 616 1818 suadet;
642 1767 714 1810 nam
739 1747 773 1808 in
790 1745 837 1808 his
859 1748 955 1809 etiam
972 1767 1035 1808 non
1053 1748 1144 1808 certis
1162 1744 1252 1822 locis,

116 1845 197 1923 „sed
214 1846 387 1928 ubicunque
404 1847 512 1912 laxior
525 1870 630 1912 rerum
647 1869 746 1911 nexus
761 1849 942 1913 desiderare
954 1847 1107 1926 videatur,
1125 1845 1252 1910 histrio-

115 1967 196 2026 „uos
212 1948 343 2012 ridicula
360 1951 495 2012 inter¹se
511 1953 643 2028 iactare,
663 1971 739 2030 quos
756 1949 957 2013 lususCoeze
975 1947 1127 2036 (Lazzel)
1146 1945 1252 2028 appel-

116 2048 208 2128 „laut
223 2047 310 2129 ltali,
336 2071 387 2114 rna
413 2049 517 2135 legere
539 2053 675 2115 memini.
720 2050 756 2115 In
774 2053 821 2115 his
837 2073 932 2132 quum
949 2052 1116 2115 manifesta
1133 2052 1253 2131 antiqui

117 2154 236 2230 „moris
253 2154 386 2236 vestigia
397 2201 398 2206 η
411 2152 488 2215 mihi
509 2153 750 2234 deprehendisse
767 2155 890 2233 videar,
918 2174 996 2232 quae
1022 2159 1057 2216 ut
1078 2151 1141 2216 alia
1158 2155 1252 2216 etiem

118 2255 290 2334 „exempla
307 2255 431 2333 docent,
449 2257 482 2316 in
499 2255 590 2318 rebus
608 2258 694 2338 genti
711 2255 832 2318 cuidam
849 2257 980 2334 propriis
990 2253 1077 2317 nulla
1094 2262 1181 2318 aetas
1199 2255 1252 2317 de-

11 2349 15 2361 ‘
116 2353 208 2433 „lere
224 2353 324 2432 valet,
343 2357 416 2434 quin
431 2355 564 2416 eandem
580 2355 781 2419 ridiculorum
797 2359 929 2417 istorum
950 2353 1107 2418 Atellanis
1125 2345 1268 2420 conser-'

119 2462 246 2535 „torum
262 2457 417 2518 rationem
435 2456 531 2519 fuisse
549 2457 751 2536 contendam,
770 2477 833 2518 uon
851 2455 992 2519 dubito“.
1110 2501 1114 2511 .

184 2555 354 2620 -Schoberi
370 2560 540 2636 sententie,
567 2557 606 2621 de
624 2579 684 2637 qua
708 2559 808 2638 primo
834 2557 906 2622 loco
932 2579 1025 2643 agere
1040 2557 1158 2639 placet,
1194 2559 1254 2624 hoc

115 2662 192 2724 vitio
218 2657 358 2738 laborat,
386 2659 466 2738 quod
490 2661 624 2738 priscam
647 2659 824 2725 Atellanam
851 2681 893 2725 ex
919 2668 1058 2740 tempore
1077 2669 1194 2742 aotam,
1212 2663 1253 2726 de

108 2761 177 2844 'qua
193 2765 261 2826 sine
278 2761 372 2829 dnbio
389 2760 497 2824 Livius
513 2760 663 2842 loquitur,
690 2783 753 2826 non
771 2762 955 2826 discernite
972 2764 1105 2842 seriore,
1129 2764 1252 2844 qualem

114 2865 303 2946 Pomponius
320 2860 500 2943 Novinsque
517 2867 716 2944 scripserunt.
758 2863 828 2927 Iam
845 2863 919 2928 olim
937 2867 1068 2928 enimin
1086 2864 1194 2930 libello
1213 2869 1252 2931 de

115 2967 154 3030 L.
172 2967 344 3046 Pomponio
361 2987 391 3045 p·
410 2969 451 3028 25
470 2967 608 3045 ostendi,
628 2987 666 3029 ex
682 2963 787 3030 Atella
804 2965 881 3030 nihil
898 2969 957 3031 uisi
965 2965 1128 3032 Atellanas
1145 2991 1251 3048 perso-

115 3091 188 3147 nas,
214 3067 320 3148 quales
339 3074 428 3131 erant
448 3063 591 3147 Maccus,
622 3068 760 3148 Pappus,
788 3067 893 3132 Bucco
916 3068 1109 3150 similesque,
1136 3073 1251 3150 petitas

116 3191 201 3248 esse,
220 3169 399 3250 quibuscum
425 3178 457 3234 et
473 3168 648 3234 fabularum
666 3156 880 3254 argumentum
896 3169 1093 3252 reliquusque
1111 3173 1251 3236 scenicus

116 3277 280 3352 apparatus
297 3279 407 3352 sponte
425 3292 460 3334 se
478 3273 616 3336 offerret.
658 3272 791 3337 luvenes
808 3275 917 3358 igitur,
936 3276 988 3354 qni
1005 3281 1098 3337 antee
1114 3272 1171 3337 sub
1188 3275 1264 3337 suis.

114 3374 253 3453 personis
279 3371 478 3452 iocabantur,
504 3380 577 3438 tuno
603 3374 659 3438 snb
684 3378 825 3454 personis
843 3373 959 3454 Macci,
986 3373 1139 3438 Bucconis
1167 3381 1250 3439 oete-

114 3495 278 3555 rorumque
304 3482 337 3538 et
363 3475 419 3538 sub
437 3473 519 3539 lictis
538 3476 782 3555 conditionibus,
810 3475 914 3557 quales
940 3475 1066 3540 fabulae
1087 3497 1271 3562 argumen·2

115 3583 194 3655 tum,
214 3577 330 3657 dequo
349 3584 443 3640 antea
458 3579 542 3640 inter
559 3599 612 3640 eor
631 3585 833 3656 convenerat,
853 3577 1015 3661 exigebat,
1038 3577 1250 3642 cavillationes

114 3699 272 3762 nugasque
291 3699 372 3742 suas
398 3677 540 3744 edebant.
583 3676 621 3742 Id
637 3678 819 3760 simpliciter
842 3678 951 3742 Livius
977 3678 1137 3743 ridicule
1163 3702 1250 3744 con-

115 3801 241 3844 rerere
258 3779 412 3848 labellis
430 3779 618 3846 Atellanis
637 3781 731 3844 uicit:
775 3779 834 3844 Cui
850 3783 914 3845 iam
931 3780 1096 3862 probabile
1114 3783 1248 3860 videtur,

113 3883 242 3946 iuvenes
259 3884 388 3962 primum
406 3903 449 3945 ex
465 3887 605 3962 temporo
621 3881 760 3947 fabulam
776 3881 953 3947 Atellanam
977 3886 1054 3948 iocis
1071 3882 1249 3948 mrdtiferiis

113 4171 212 4205 monem
222 4171 287 4205 erec.
321 4157 413 4206 Donat.
426 4159 458 4207 de
467 4162 535 4208 com.
549 4161 575 4207 et
584 4161 659 4220 Treg.
677 4159 740 4207 haec
750 4158 860 4222 παίγνια
869 4161 922 4208 aire
932 4160 1014 4222 iocor,
1033 4160 1076 4218 qui
1094 4161 1161 4206 inter
1173 4127 1249 4204 sclua

113 4226 193 4273 risum
203 4226 313 4288 ciebant,
332 4226 499 4284 compitalitia
512 4228 610 4276 ludicra
619 4229 742 4287 nominat,
752 4229 842 4286 quibus
852 4229 958 4277 admisto
969 4227 1182 4288 pronuntiationis
1192 4238 1247 4273 mo-

115 4293 187 4355 dulo,
206 4295 264 4340 dum
274 4296 347 4342 actus
357 4297 585 4360 commutarentur,
602 4297 712 4356 populus
721 4297 838 4344 detentus
847 4298 888 4344 sit.
