<?xml version="1.0" encoding="UTF-8"?>
<!DOCTYPE html PUBLIC "-//W3C//DTD XHTML 1.0 Transitional//EN"
    "http://www.w3.org/TR/xhtml1/DTD/xhtml1-transitional.dtd">
<html xmlns="http://www.w3.org/1999/xhtml" xml:lang="en" lang="en">
 <head>
  <title>
</title>
<meta http-equiv="Content-Type" content="text/html;charset=utf-8" />
  <meta name='ocr-system' content='tesseract 3.04.00' />
  <meta name='ocr-capabilities' content='ocr_page ocr_carea ocr_par ocr_line ocrx_word'/>
</head>
<body>
  <div class='ocr_page' id='page_1' title='image "./defabulisatella00munkgoog_0097.png"; bbox 0 0 2840 4948; ppageno 0'>
   <div class='ocr_carea' id='block_1_1' title="bbox 190 452 1403 555">
    <p class='ocr_par' dir='ltr' id='par_1_1' title="bbox 190 452 1403 555">
     <span class='ocr_line' id='line_1_1' title="bbox 190 452 1403 555; baseline -0.009 -18"><span class='ocrx_word' id='word_1_1' title='bbox 190 471 494 552; x_wconf 75' lang='lat' dir='ltr'><strong>„sceaal&#39;itrnviom</strong></span> <span class='ocrx_word' id='word_1_2' title='bbox 508 471 563 536; x_wconf 85' lang='lat' dir='ltr'><strong>lric</strong></span> <span class='ocrx_word' id='word_1_3' title='bbox 578 472 682 552; x_wconf 80' lang='lat' dir='ltr'><strong>loqui,</strong></span> <span class='ocrx_word' id='word_1_4' title='bbox 700 477 727 536; x_wconf 83' lang='lat' dir='ltr'><strong>si</strong></span> <span class='ocrx_word' id='word_1_5' title='bbox 745 495 825 555; x_wconf 84' lang='lat' dir='ltr'><strong>quac</strong></span> <span class='ocrx_word' id='word_1_6' title='bbox 841 475 1029 538; x_wconf 83' lang='lat' dir='ltr'><strong>antecedunt</strong></span> <span class='ocrx_word' id='word_1_7' title='bbox 1041 481 1076 538; x_wconf 90' lang='lat' dir='ltr'><strong>et</strong></span> <span class='ocrx_word' id='word_1_8' title='bbox 1091 452 1168 554; x_wconf 58' lang='lat' dir='ltr'><strong>quai</strong></span> <span class='ocrx_word' id='word_1_9' title='bbox 1182 490 1319 555; x_wconf 65' lang='lat' dir='ltr'><strong>smann-</strong></span> <span class='ocrx_word' id='word_1_10' title='bbox 1402 523 1403 526; x_wconf 74' lang='grc'>,</span> 
     </span>
    </p>
   </div>
   <div class='ocr_carea' id='block_1_2' title="bbox 189 576 1403 670">
    <p class='ocr_par' dir='ltr' id='par_1_2' title="bbox 189 576 1403 670">
     <span class='ocr_line' id='line_1_2' title="bbox 189 576 1403 670; baseline 0.003 -32"><span class='ocrx_word' id='word_1_11' title='bbox 189 581 265 654; x_wconf 87' lang='lat' dir='ltr'><strong>„tur</strong></span> <span class='ocrx_word' id='word_1_12' title='bbox 292 576 480 654; x_wconf 79' lang='lat' dir='ltr'><strong>inspexeris,</strong></span> <span class='ocrx_word' id='word_1_13' title='bbox 505 595 569 639; x_wconf 92' lang='lat' dir='ltr'><strong>non</strong></span> <span class='ocrx_word' id='word_1_14' title='bbox 584 579 717 655; x_wconf 81' lang='lat' dir='ltr'><strong>poteris,</strong></span> <span class='ocrx_word' id='word_1_15' title='bbox 744 580 816 656; x_wconf 84' lang='lat' dir='ltr'><strong>quin</strong></span> <span class='ocrx_word' id='word_1_16' title='bbox 842 576 899 640; x_wconf 62' lang='lat' dir='ltr'><strong>tuni</strong></span> <span class='ocrx_word' id='word_1_17' title='bbox 928 576 1130 656; x_wconf 65' lang='lat' dir='ltr'><strong>persuadeam</strong></span> <span class='ocrx_word' id='word_1_18' title='bbox 1155 577 1266 656; x_wconf 80' lang='lat' dir='ltr'><strong>quodsi</strong></span> <span class='ocrx_word' id='word_1_19' title='bbox 1284 579 1320 642; x_wconf 91' lang='lat' dir='ltr'><strong>in</strong></span> <span class='ocrx_word' id='word_1_20' title='bbox 1402 585 1403 670; x_wconf 57' lang='lat' dir='ltr'><strong>l</strong></span> 
     </span>
    </p>
   </div>
   <div class='ocr_carea' id='block_1_3' title="bbox 189 668 1318 760">
    <p class='ocr_par' dir='ltr' id='par_1_3' title="bbox 189 668 1318 760">
     <span class='ocr_line' id='line_1_3' title="bbox 189 668 1318 760; baseline 0.003 -21"><span class='ocrx_word' id='word_1_21' title='bbox 189 675 335 755; x_wconf 72' lang='lat' dir='ltr'><strong>„thano</strong></span> <span class='ocrx_word' id='word_1_22' title='bbox 352 668 494 738; x_wconf 79' lang='lat' dir='ltr'><strong>Romano</strong></span> <span class='ocrx_word' id='word_1_23' title='bbox 519 697 643 741; x_wconf 84' lang='lat' dir='ltr'><strong>scenam</strong></span> <span class='ocrx_word' id='word_1_24' title='bbox 669 677 845 760; x_wconf 68' lang='lat' dir='ltr'><strong>satyricum</strong></span> <span class='ocrx_word' id='word_1_25' title='bbox 867 679 964 742; x_wconf 81' lang='lat' dir='ltr'><strong>luisse</strong></span> <span class='ocrx_word' id='word_1_26' title='bbox 988 683 1130 756; x_wconf 78' lang='lat' dir='ltr'><strong>comtat,</strong></span> <span class='ocrx_word' id='word_1_27' title='bbox 1154 677 1318 757; x_wconf 67' lang='lat' dir='ltr'><strong>mannae</strong></span> 
     </span>
    </p>
   </div>
   <div class='ocr_carea' id='block_1_4' title="bbox 188 773 1403 862">
    <p class='ocr_par' dir='ltr' id='par_1_4' title="bbox 188 773 1403 862">
     <span class='ocr_line' id='line_1_4' title="bbox 188 773 1403 862; baseline 0.001 -23"><span class='ocrx_word' id='word_1_28' title='bbox 188 784 274 857; x_wconf 82' lang='lat' dir='ltr'><strong>,‚est,</strong></span> <span class='ocrx_word' id='word_1_29' title='bbox 292 773 448 840; x_wconf 74' lang='lat' dir='ltr'><strong>Romanos</strong></span> <span class='ocrx_word' id='word_1_30' title='bbox 467 779 561 841; x_wconf 87' lang='lat' dir='ltr'><strong>ctiam</strong></span> <span class='ocrx_word' id='word_1_31' title='bbox 577 778 699 843; x_wconf 78' lang='lat' dir='ltr'><strong>labnlm</strong></span> <span class='ocrx_word' id='word_1_32' title='bbox 715 776 874 862; x_wconf 66' lang='lat' dir='ltr'><strong>Satyricuas</strong></span> <span class='ocrx_word' id='word_1_33' title='bbox 891 780 1070 844; x_wconf 67' lang='lat' dir='ltr'><strong>hahuisse.“</strong></span> <span class='ocrx_word' id='word_1_34' title='bbox 1086 779 1237 860; x_wconf 79' lang='lat' dir='ltr'><strong>Equidem</strong></span> <span class='ocrx_word' id='word_1_35' title='bbox 1254 799 1319 844; x_wconf 91' lang='lat' dir='ltr'><strong>non</strong></span> <span class='ocrx_word' id='word_1_36' title='bbox 1402 823 1403 840; x_wconf 40' lang='lat'>1</span> 
     </span>
    </p>
   </div>
   <div class='ocr_carea' id='block_1_5' title="bbox 105 878 1319 2383">
    <p class='ocr_par' dir='ltr' id='par_1_5' title="bbox 105 878 1319 2383">
     <span class='ocr_line' id='line_1_5' title="bbox 188 878 1318 965; baseline 0 -21"><span class='ocrx_word' id='word_1_37' title='bbox 188 899 285 965; x_wconf 76' lang='lat' dir='ltr'><strong>nego,</strong></span> <span class='ocrx_word' id='word_1_38' title='bbox 312 879 351 942; x_wconf 81' lang='lat' dir='ltr'><strong>dc</strong></span> <span class='ocrx_word' id='word_1_39' title='bbox 368 878 501 942; x_wconf 79' lang='lat' dir='ltr'><strong>Rotnani</strong></span> <span class='ocrx_word' id='word_1_40' title='bbox 526 880 642 944; x_wconf 82' lang='lat' dir='ltr'><strong>theatri</strong></span> <span class='ocrx_word' id='word_1_41' title='bbox 658 901 752 945; x_wconf 87' lang='lat' dir='ltr'><strong>scena</strong></span> <span class='ocrx_word' id='word_1_42' title='bbox 769 881 947 946; x_wconf 70' lang='lat' dir='ltr'>Vitruvium</span> <span class='ocrx_word' id='word_1_43' title='bbox 972 878 1021 946; x_wconf 85' lang='lat' dir='ltr'><strong>iric</strong></span> <span class='ocrx_word' id='word_1_44' title='bbox 1036 881 1137 962; x_wconf 85' lang='lat' dir='ltr'><strong>loqui,</strong></span> <span class='ocrx_word' id='word_1_45' title='bbox 1163 878 1219 945; x_wconf 82' lang='lat' dir='ltr'><strong>sed</strong></span> <span class='ocrx_word' id='word_1_46' title='bbox 1233 883 1318 961; x_wconf 70' lang='lat' dir='ltr'><strong>pund</strong></span> 
     </span>
     <span class='ocr_line' id='line_1_6' title="bbox 186 981 1319 1066; baseline 0 -21"><span class='ocrx_word' id='word_1_47' title='bbox 186 982 274 1059; x_wconf 88' lang='lat' dir='ltr'><strong>inde,</strong></span> <span class='ocrx_word' id='word_1_48' title='bbox 302 982 383 1060; x_wconf 88' lang='lat' dir='ltr'><strong>quod</strong></span> <span class='ocrx_word' id='word_1_49' title='bbox 401 983 432 1043; x_wconf 92' lang='lat' dir='ltr'><strong>in</strong></span> <span class='ocrx_word' id='word_1_50' title='bbox 449 981 573 1044; x_wconf 83' lang='lat' dir='ltr'><strong>theatro</strong></span> <span class='ocrx_word' id='word_1_51' title='bbox 598 981 740 1046; x_wconf 84' lang='lat' dir='ltr'><strong>Romano</strong></span> <span class='ocrx_word' id='word_1_52' title='bbox 767 1003 862 1047; x_wconf 84' lang='lat' dir='ltr'><strong>scena</strong></span> <span class='ocrx_word' id='word_1_53' title='bbox 886 983 1031 1066; x_wconf 80' lang='lat' dir='ltr'><strong>Satyrion</strong></span> <span class='ocrx_word' id='word_1_54' title='bbox 1046 984 1153 1061; x_wconf 76' lang='lat' dir='ltr'><strong>merit,</strong></span> <span class='ocrx_word' id='word_1_55' title='bbox 1179 981 1319 1046; x_wconf 79' lang='lat' dir='ltr'><strong>Nenlrir·</strong></span> 
     </span>
     <span class='ocr_line' id='line_1_7' title="bbox 186 1078 1317 1168; baseline 0.001 -23"><span class='ocrx_word' id='word_1_56' title='bbox 186 1078 272 1146; x_wconf 81' lang='lat' dir='ltr'><strong>chios</strong></span> <span class='ocrx_word' id='word_1_57' title='bbox 290 1079 462 1161; x_wconf 79' lang='lat' dir='ltr'><strong>concludit,</strong></span> <span class='ocrx_word' id='word_1_58' title='bbox 479 1082 639 1150; x_wconf 76' lang='lat' dir='ltr'><strong>Romamn</strong></span> <span class='ocrx_word' id='word_1_59' title='bbox 656 1087 752 1148; x_wconf 83' lang='lat' dir='ltr'><strong>etiam</strong></span> <span class='ocrx_word' id='word_1_60' title='bbox 769 1085 891 1148; x_wconf 72' lang='lat' dir='ltr'><strong>minias</strong></span> <span class='ocrx_word' id='word_1_61' title='bbox 909 1085 1070 1168; x_wconf 76' lang='lat' dir='ltr'><strong>Satyrione</strong></span> <span class='ocrx_word' id='word_1_62' title='bbox 1085 1084 1239 1162; x_wconf 74' lang='lat' dir='ltr'><strong>amnne,</strong></span> <span class='ocrx_word' id='word_1_63' title='bbox 1256 1083 1317 1147; x_wconf 85' lang='lat' dir='ltr'><strong>sul·</strong></span> 
     </span>
     <span class='ocr_line' id='line_1_8' title="bbox 184 1181 1316 1270; baseline 0 -22"><span class='ocrx_word' id='word_1_64' title='bbox 184 1183 270 1248; x_wconf 80' lang='lat' dir='ltr'><strong>litor.</strong></span> <span class='ocrx_word' id='word_1_65' title='bbox 323 1181 503 1263; x_wconf 78' lang='lat' dir='ltr'><strong>Vitruvius,</strong></span> <span class='ocrx_word' id='word_1_66' title='bbox 529 1189 592 1248; x_wconf 85' lang='lat' dir='ltr'><strong>tria</strong></span> <span class='ocrx_word' id='word_1_67' title='bbox 616 1192 733 1270; x_wconf 68' lang='lat' dir='ltr'><strong>genera</strong></span> <span class='ocrx_word' id='word_1_68' title='bbox 756 1204 920 1250; x_wconf 74' lang='lat' dir='ltr'><strong>samaram</strong></span> <span class='ocrx_word' id='word_1_69' title='bbox 944 1187 1140 1264; x_wconf 54' lang='lat' dir='ltr'><strong>habens,</strong></span> <span class='ocrx_word' id='word_1_70' title='bbox 1171 1203 1193 1248; x_wconf 78' lang='lat' dir='ltr'><strong>e</strong></span> <span class='ocrx_word' id='word_1_71' title='bbox 1216 1185 1316 1248; x_wconf 72' lang='lat' dir='ltr'><strong>mons</strong></span> 
     </span>
     <span class='ocr_line' id='line_1_9' title="bbox 185 1284 1316 1372; baseline 0.002 -24"><span class='ocrx_word' id='word_1_72' title='bbox 185 1286 334 1348; x_wconf 72' lang='lat' dir='ltr'><strong>dramatis</strong></span> <span class='ocrx_word' id='word_1_73' title='bbox 361 1284 475 1350; x_wconf 84' lang='lat' dir='ltr'><strong>Graeci</strong></span> <span class='ocrx_word' id='word_1_74' title='bbox 500 1287 661 1367; x_wconf 73' lang='lat' dir='ltr'>speciebus</span> <span class='ocrx_word' id='word_1_75' title='bbox 687 1310 726 1350; x_wconf 92' lang='lat' dir='ltr'><strong>ea</strong></span> <span class='ocrx_word' id='word_1_76' title='bbox 751 1289 949 1366; x_wconf 78' lang='lat' dir='ltr'><strong>denominat,</strong></span> <span class='ocrx_word' id='word_1_77' title='bbox 985 1290 1055 1368; x_wconf 85' lang='lat' dir='ltr'><strong>quia</strong></span> <span class='ocrx_word' id='word_1_78' title='bbox 1079 1289 1198 1372; x_wconf 81' lang='lat' dir='ltr'><strong>tragion</strong></span> <span class='ocrx_word' id='word_1_79' title='bbox 1222 1300 1316 1350; x_wconf 73' lang='lat' dir='ltr'><strong>soona</strong></span> 
     </span>
     <span class='ocr_line' id='line_1_10' title="bbox 184 1385 1314 1471; baseline 0.001 -23"><span class='ocrx_word' id='word_1_80' title='bbox 184 1385 361 1466; x_wconf 87' lang='lat' dir='ltr'><strong>plerumque</strong></span> <span class='ocrx_word' id='word_1_81' title='bbox 380 1390 411 1450; x_wconf 92' lang='lat' dir='ltr'><strong>in</strong></span> <span class='ocrx_word' id='word_1_82' title='bbox 428 1389 608 1471; x_wconf 80' lang='lat' dir='ltr'><strong>tragoediis,</strong></span> <span class='ocrx_word' id='word_1_83' title='bbox 628 1392 747 1452; x_wconf 89' lang='lat' dir='ltr'><strong>comica</strong></span> <span class='ocrx_word' id='word_1_84' title='bbox 763 1391 794 1450; x_wconf 92' lang='lat' dir='ltr'><strong>in</strong></span> <span class='ocrx_word' id='word_1_85' title='bbox 812 1389 991 1467; x_wconf 87' lang='lat' dir='ltr'><strong>comoediis,</strong></span> <span class='ocrx_word' id='word_1_86' title='bbox 1010 1387 1153 1471; x_wconf 77' lang='lat' dir='ltr'><strong>Satyrion</strong></span> <span class='ocrx_word' id='word_1_87' title='bbox 1168 1390 1201 1450; x_wconf 90' lang='lat' dir='ltr'><strong>in</strong></span> <span class='ocrx_word' id='word_1_88' title='bbox 1218 1385 1314 1468; x_wconf 87' lang='lat' dir='ltr'><strong>Saty-</strong></span> 
     </span>
     <span class='ocr_line' id='line_1_11' title="bbox 183 1486 1313 1553; baseline 0 -3"><span class='ocrx_word' id='word_1_89' title='bbox 183 1486 256 1550; x_wconf 87' lang='lat' dir='ltr'><strong>ricir</strong></span> <span class='ocrx_word' id='word_1_90' title='bbox 281 1487 396 1552; x_wconf 84' lang='lat' dir='ltr'><strong>fabulis</strong></span> <span class='ocrx_word' id='word_1_91' title='bbox 423 1489 637 1552; x_wconf 76' lang='lat' dir='ltr'>adhibebatur.</span> <span class='ocrx_word' id='word_1_92' title='bbox 682 1489 745 1552; x_wconf 87' lang='lat' dir='ltr'><strong>Sed</strong></span> <span class='ocrx_word' id='word_1_93' title='bbox 770 1487 880 1552; x_wconf 87' lang='lat' dir='ltr'><strong>haram</strong></span> <span class='ocrx_word' id='word_1_94' title='bbox 906 1503 1067 1553; x_wconf 84' lang='lat' dir='ltr'><strong>scenarum</strong></span> <span class='ocrx_word' id='word_1_95' title='bbox 1091 1507 1165 1550; x_wconf 82' lang='lat' dir='ltr'><strong>nens</strong></span> <span class='ocrx_word' id='word_1_96' title='bbox 1187 1506 1250 1551; x_wconf 90' lang='lat' dir='ltr'><strong>non</strong></span> <span class='ocrx_word' id='word_1_97' title='bbox 1263 1489 1313 1552; x_wconf 79' lang='lat' dir='ltr'><strong>itu</strong></span> 
     </span>
     <span class='ocr_line' id='line_1_12' title="bbox 105 1571 1315 1674; baseline -0.001 -22"><span class='ocrx_word' id='word_1_98' title='bbox 105 1593 108 1600; x_wconf 80' lang='grc'><em>’</em></span> <span class='ocrx_word' id='word_1_99' title='bbox 184 1571 380 1669; x_wconf 81' lang='lat' dir='ltr'><strong>comparatas</strong></span> <span class='ocrx_word' id='word_1_100' title='bbox 398 1597 482 1669; x_wconf 90' lang='lat' dir='ltr'><strong>crat,</strong></span> <span class='ocrx_word' id='word_1_101' title='bbox 509 1598 544 1652; x_wconf 89' lang='lat' dir='ltr'><strong>nt</strong></span> <span class='ocrx_word' id='word_1_102' title='bbox 563 1593 595 1651; x_wconf 92' lang='lat' dir='ltr'><strong>in</strong></span> <span class='ocrx_word' id='word_1_103' title='bbox 614 1591 776 1672; x_wconf 80' lang='lat' dir='ltr'><strong>tragoedia</strong></span> <span class='ocrx_word' id='word_1_104' title='bbox 793 1597 913 1653; x_wconf 89' lang='lat' dir='ltr'><strong>tantam</strong></span> <span class='ocrx_word' id='word_1_105' title='bbox 937 1589 1057 1674; x_wconf 81' lang='lat' dir='ltr'><strong>tragica</strong></span> <span class='ocrx_word' id='word_1_106' title='bbox 1078 1609 1185 1667; x_wconf 88' lang='lat' dir='ltr'><strong>scena,</strong></span> <span class='ocrx_word' id='word_1_107' title='bbox 1210 1591 1241 1651; x_wconf 92' lang='lat' dir='ltr'><strong>in</strong></span> <span class='ocrx_word' id='word_1_108' title='bbox 1260 1608 1315 1652; x_wconf 91' lang='lat' dir='ltr'><strong>co-</strong></span> 
     </span>
     <span class='ocr_line' id='line_1_13' title="bbox 184 1687 1315 1772; baseline -0.001 -19"><span class='ocrx_word' id='word_1_109' title='bbox 184 1692 309 1754; x_wconf 87' lang='lat' dir='ltr'><strong>moedia</strong></span> <span class='ocrx_word' id='word_1_110' title='bbox 331 1695 464 1768; x_wconf 75' lang='lat' dir='ltr'><strong>comica,</strong></span> <span class='ocrx_word' id='word_1_111' title='bbox 491 1692 524 1752; x_wconf 92' lang='lat' dir='ltr'><strong>in</strong></span> <span class='ocrx_word' id='word_1_112' title='bbox 550 1689 696 1770; x_wconf 87' lang='lat' dir='ltr'><strong>Satyrico</strong></span> <span class='ocrx_word' id='word_1_113' title='bbox 724 1689 863 1753; x_wconf 82' lang='lat' dir='ltr'><strong>dramate</strong></span> <span class='ocrx_word' id='word_1_114' title='bbox 889 1691 1028 1772; x_wconf 83' lang='lat' dir='ltr'><strong>satyrica</strong></span> <span class='ocrx_word' id='word_1_115' title='bbox 1044 1691 1090 1754; x_wconf 89' lang='lat' dir='ltr'><strong>nti</strong></span> <span class='ocrx_word' id='word_1_116' title='bbox 1104 1687 1232 1769; x_wconf 86' lang='lat' dir='ltr'><strong>liceret,</strong></span> <span class='ocrx_word' id='word_1_117' title='bbox 1254 1689 1315 1754; x_wconf 77' lang='lat' dir='ltr'><strong>red</strong></span> 
     </span>
     <span class='ocr_line' id='line_1_14' title="bbox 184 1789 1314 1876; baseline 0 -22"><span class='ocrx_word' id='word_1_118' title='bbox 184 1791 268 1855; x_wconf 88' lang='lat' dir='ltr'><strong>alind</strong></span> <span class='ocrx_word' id='word_1_119' title='bbox 286 1799 502 1876; x_wconf 80' lang='lat' dir='ltr'>argumentum</span> <span class='ocrx_word' id='word_1_120' title='bbox 528 1789 623 1853; x_wconf 88' lang='lat' dir='ltr'><strong>aliam</strong></span> <span class='ocrx_word' id='word_1_121' title='bbox 644 1806 768 1853; x_wconf 82' lang='lat' dir='ltr'><strong>scenam</strong></span> <span class='ocrx_word' id='word_1_122' title='bbox 789 1793 979 1871; x_wconf 74' lang='lat' dir='ltr'><strong>requirebat.</strong></span> <span class='ocrx_word' id='word_1_123' title='bbox 1019 1789 1074 1855; x_wconf 81' lang='lat' dir='ltr'><strong>Sic</strong></span> <span class='ocrx_word' id='word_1_124' title='bbox 1092 1790 1224 1872; x_wconf 80' lang='lat' dir='ltr'><strong>exempli</strong></span> <span class='ocrx_word' id='word_1_125' title='bbox 1241 1811 1314 1876; x_wconf 77' lang='lat' dir='ltr'><strong>gra·</strong></span> 
     </span>
     <span class='ocr_line' id='line_1_15' title="bbox 183 1887 1314 1974; baseline 0.002 -20"><span class='ocrx_word' id='word_1_126' title='bbox 183 1895 227 1954; x_wconf 90' lang='lat' dir='ltr'><strong>tia</strong></span> <span class='ocrx_word' id='word_1_127' title='bbox 251 1891 301 1954; x_wconf 87' lang='lat' dir='ltr'><strong>vel</strong></span> <span class='ocrx_word' id='word_1_128' title='bbox 327 1894 409 1972; x_wconf 89' lang='lat' dir='ltr'><strong>apud</strong></span> <span class='ocrx_word' id='word_1_129' title='bbox 431 1891 570 1955; x_wconf 84' lang='lat' dir='ltr'><strong>Graecos</strong></span> <span class='ocrx_word' id='word_1_130' title='bbox 595 1893 627 1955; x_wconf 92' lang='lat' dir='ltr'><strong>in</strong></span> <span class='ocrx_word' id='word_1_131' title='bbox 653 1887 827 1956; x_wconf 80' lang='lat' dir='ltr'><strong>PlriIoctete</strong></span> <span class='ocrx_word' id='word_1_132' title='bbox 853 1891 1017 1974; x_wconf 72' lang='lat' dir='ltr'><strong>Sophoclis</strong></span> <span class='ocrx_word' id='word_1_133' title='bbox 1043 1893 1162 1958; x_wconf 91' lang='lat' dir='ltr'><strong>edendo</strong></span> <span class='ocrx_word' id='word_1_134' title='bbox 1186 1911 1314 1972; x_wconf 75' lang='lat' dir='ltr'><strong>smnae,</strong></span> 
     </span>
     <span class='ocr_line' id='line_1_16' title="bbox 183 1991 1314 2080; baseline 0.002 -24"><span class='ocrx_word' id='word_1_135' title='bbox 183 2015 275 2073; x_wconf 89' lang='lat' dir='ltr'><strong>qnam</strong></span> <span class='ocrx_word' id='word_1_136' title='bbox 291 1991 386 2076; x_wconf 81' lang='lat' dir='ltr'><strong>vulgo</strong></span> <span class='ocrx_word' id='word_1_137' title='bbox 403 1996 555 2076; x_wconf 78' lang='lat' dir='ltr'><strong>tragicam</strong></span> <span class='ocrx_word' id='word_1_138' title='bbox 571 1994 696 2072; x_wconf 91' lang='lat' dir='ltr'><strong>dicunt,</strong></span> <span class='ocrx_word' id='word_1_139' title='bbox 725 1993 889 2073; x_wconf 88' lang='lat' dir='ltr'><strong>columnis,</strong></span> <span class='ocrx_word' id='word_1_140' title='bbox 915 1996 1064 2080; x_wconf 79' lang='lat' dir='ltr'><strong>fastigiis,</strong></span> <span class='ocrx_word' id='word_1_141' title='bbox 1082 1993 1201 2076; x_wconf 90' lang='lat' dir='ltr'><strong>templis</strong></span> <span class='ocrx_word' id='word_1_142' title='bbox 1218 2009 1314 2058; x_wconf 83' lang='lat' dir='ltr'><strong>orna·</strong></span> 
     </span>
     <span class='ocr_line' id='line_1_17' title="bbox 182 2093 1311 2178; baseline 0.003 -21"><span class='ocrx_word' id='word_1_143' title='bbox 182 2102 234 2157; x_wconf 91' lang='lat' dir='ltr'><strong>tae</strong></span> <span class='ocrx_word' id='word_1_144' title='bbox 251 2115 325 2156; x_wconf 88' lang='lat' dir='ltr'><strong>usas</strong></span> <span class='ocrx_word' id='word_1_145' title='bbox 343 2116 413 2158; x_wconf 87' lang='lat' dir='ltr'><strong>esse</strong></span> <span class='ocrx_word' id='word_1_146' title='bbox 431 2116 492 2157; x_wconf 94' lang='lat' dir='ltr'><strong>non</strong></span> <span class='ocrx_word' id='word_1_147' title='bbox 512 2098 626 2176; x_wconf 86' lang='lat' dir='ltr'><strong>potuit,</strong></span> <span class='ocrx_word' id='word_1_148' title='bbox 645 2093 768 2158; x_wconf 86' lang='lat' dir='ltr'><strong>sedhic</strong></span> <span class='ocrx_word' id='word_1_149' title='bbox 786 2115 880 2160; x_wconf 87' lang='lat' dir='ltr'><strong>scena</strong></span> <span class='ocrx_word' id='word_1_150' title='bbox 897 2093 1041 2178; x_wconf 79' lang='lat' dir='ltr'><strong>Satyrion</strong></span> <span class='ocrx_word' id='word_1_151' title='bbox 1058 2100 1157 2178; x_wconf 85' lang='lat' dir='ltr'><strong>aptior</strong></span> <span class='ocrx_word' id='word_1_152' title='bbox 1173 2102 1311 2177; x_wconf 88' lang='lat' dir='ltr'><strong>apparet,</strong></span> 
     </span>
     <span class='ocr_line' id='line_1_18' title="bbox 110 2191 1312 2277; baseline 0 -17"><span class='ocrx_word' id='word_1_153' title='bbox 110 2211 113 2219; x_wconf 86' lang='lat'>&#39;</span> <span class='ocrx_word' id='word_1_154' title='bbox 183 2205 214 2260; x_wconf 91' lang='lat' dir='ltr'><strong>et</strong></span> <span class='ocrx_word' id='word_1_155' title='bbox 241 2217 331 2276; x_wconf 89' lang='lat' dir='ltr'><strong>quum</strong></span> <span class='ocrx_word' id='word_1_156' title='bbox 346 2191 466 2260; x_wconf 86' lang='lat' dir='ltr'><strong>Romae</strong></span> <span class='ocrx_word' id='word_1_157' title='bbox 476 2193 591 2260; x_wconf 79' lang='lat' dir='ltr'><strong>&#39;Plauti</strong></span> <span class='ocrx_word' id='word_1_158' title='bbox 608 2195 793 2276; x_wconf 85' lang='lat' dir='ltr'><strong>Amphitruo</strong></span> <span class='ocrx_word' id='word_1_159' title='bbox 820 2198 977 2277; x_wconf 83' lang='lat' dir='ltr'><strong>ederetur,</strong></span> <span class='ocrx_word' id='word_1_160' title='bbox 1005 2205 1104 2276; x_wconf 90' lang='lat' dir='ltr'><strong>certo,</strong></span> <span class='ocrx_word' id='word_1_161' title='bbox 1130 2196 1205 2261; x_wconf 90' lang='lat' dir='ltr'><strong>licet</strong></span> <span class='ocrx_word' id='word_1_162' title='bbox 1229 2203 1312 2260; x_wconf 86' lang='lat' dir='ltr'><strong>erret</strong></span> 
     </span>
     <span class='ocr_line' id='line_1_19' title="bbox 183 2292 1311 2383; baseline 0.004 -23"><span class='ocrx_word' id='word_1_163' title='bbox 183 2299 359 2378; x_wconf 83' lang='lat' dir='ltr'><strong>comoedia,</strong></span> <span class='ocrx_word' id='word_1_164' title='bbox 386 2301 507 2383; x_wconf 74' lang='lat' dir='ltr'><strong>tragica</strong></span> <span class='ocrx_word' id='word_1_165' title='bbox 532 2317 627 2362; x_wconf 88' lang='lat' dir='ltr'><strong>scena</strong></span> <span class='ocrx_word' id='word_1_166' title='bbox 652 2301 702 2362; x_wconf 85' lang='lat' dir='ltr'><strong>asi</strong></span> <span class='ocrx_word' id='word_1_167' title='bbox 727 2307 808 2362; x_wconf 84' lang='lat' dir='ltr'><strong>sunt.</strong></span> <span class='ocrx_word' id='word_1_168' title='bbox 851 2295 918 2363; x_wconf 89' lang='lat' dir='ltr'><strong>lam</strong></span> <span class='ocrx_word' id='word_1_169' title='bbox 936 2319 1028 2380; x_wconf 86' lang='lat' dir='ltr'><strong>quum</strong></span> <span class='ocrx_word' id='word_1_170' title='bbox 1054 2299 1133 2380; x_wconf 86' lang='lat' dir='ltr'><strong>apud</strong></span> <span class='ocrx_word' id='word_1_171' title='bbox 1153 2292 1311 2364; x_wconf 79' lang='lat' dir='ltr'><strong>Romanos</strong></span> 
     </span>
    </p>
   </div>
   <div class='ocr_carea' id='block_1_6' title="bbox 181 2399 1404 2486">
    <p class='ocr_par' dir='ltr' id='par_1_6' title="bbox 181 2399 1404 2486">
     <span class='ocr_line' id='line_1_20' title="bbox 181 2399 1404 2486; baseline 0.002 -22"><span class='ocrx_word' id='word_1_172' title='bbox 181 2405 276 2464; x_wconf 89' lang='lat' dir='ltr'><strong>etiam</strong></span> <span class='ocrx_word' id='word_1_173' title='bbox 292 2399 459 2465; x_wconf 87' lang='lat' dir='ltr'><strong>multarum</strong></span> <span class='ocrx_word' id='word_1_174' title='bbox 475 2399 649 2464; x_wconf 81' lang='lat' dir='ltr'><strong>fabularum</strong></span> <span class='ocrx_word' id='word_1_175' title='bbox 667 2401 734 2464; x_wconf 84' lang='lat' dir='ltr'><strong>sive</strong></span> <span class='ocrx_word' id='word_1_176' title='bbox 752 2401 982 2486; x_wconf 83' lang='lat' dir='ltr'><strong>tragoediarum</strong></span> <span class='ocrx_word' id='word_1_177' title='bbox 997 2403 1064 2465; x_wconf 87' lang='lat' dir='ltr'><strong>sive</strong></span> <span class='ocrx_word' id='word_1_178' title='bbox 1082 2399 1311 2466; x_wconf 65' lang='lat' dir='ltr'><strong>comoediarum</strong></span> <span class='ocrx_word' id='word_1_179' title='bbox 1403 2451 1404 2480; x_wconf 61' lang='lat'><strong>,</strong></span> 
     </span>
    </p>
   </div>
   <div class='ocr_carea' id='block_1_7' title="bbox 174 2499 1310 4310">
    <p class='ocr_par' dir='ltr' id='par_1_7' title="bbox 176 2499 1310 3192">
     <span class='ocr_line' id='line_1_21' title="bbox 181 2499 1310 2588; baseline 0 -22"><span class='ocrx_word' id='word_1_180' title='bbox 181 2511 362 2588; x_wconf 80' lang='lat' dir='ltr'><strong>argumenta</strong></span> <span class='ocrx_word' id='word_1_181' title='bbox 379 2509 535 2584; x_wconf 56' lang='lat' dir='ltr'><strong>amentem</strong></span> <span class='ocrx_word' id='word_1_182' title='bbox 552 2499 772 2566; x_wconf 82' lang='lat' dir='ltr'><strong>desiderabant</strong></span> <span class='ocrx_word' id='word_1_183' title='bbox 789 2523 927 2580; x_wconf 82' lang='lat' dir='ltr'><strong>scenam,</strong></span> <span class='ocrx_word' id='word_1_184' title='bbox 945 2521 1008 2568; x_wconf 81' lang='lat' dir='ltr'><strong>uon</strong></span> <span class='ocrx_word' id='word_1_185' title='bbox 1025 2505 1137 2567; x_wconf 80' lang='lat' dir='ltr'><strong>mltum</strong></span> <span class='ocrx_word' id='word_1_186' title='bbox 1154 2523 1222 2566; x_wconf 79' lang='lat' dir='ltr'><strong>esre</strong></span> <span class='ocrx_word' id='word_1_187' title='bbox 1238 2509 1310 2584; x_wconf 55' lang='lat' dir='ltr'><strong>pot*-</strong></span> 
     </span>
     <span class='ocr_line' id='line_1_22' title="bbox 183 2602 1310 2688; baseline 0.002 -24"><span class='ocrx_word' id='word_1_188' title='bbox 183 2611 247 2680; x_wconf 86' lang='lat' dir='ltr'><strong>est,</strong></span> <span class='ocrx_word' id='word_1_189' title='bbox 274 2602 449 2682; x_wconf 83' lang='lat' dir='ltr'><strong>Satyricam</strong></span> <span class='ocrx_word' id='word_1_190' title='bbox 466 2623 608 2681; x_wconf 87' lang='lat' dir='ltr'><strong>scenam,</strong></span> <span class='ocrx_word' id='word_1_191' title='bbox 635 2623 714 2681; x_wconf 88' lang='lat' dir='ltr'><strong>qnae</strong></span> <span class='ocrx_word' id='word_1_192' title='bbox 742 2602 821 2666; x_wconf 93' lang='lat' dir='ltr'><strong>nihil</strong></span> <span class='ocrx_word' id='word_1_193' title='bbox 847 2603 930 2667; x_wconf 91' lang='lat' dir='ltr'><strong>aliud</strong></span> <span class='ocrx_word' id='word_1_194' title='bbox 947 2612 1010 2683; x_wconf 88' lang='lat' dir='ltr'><strong>est,</strong></span> <span class='ocrx_word' id='word_1_195' title='bbox 1036 2607 1097 2668; x_wconf 89' lang='lat' dir='ltr'><strong>nisi</strong></span> <span class='ocrx_word' id='word_1_196' title='bbox 1123 2607 1267 2688; x_wconf 73' lang='lat' dir='ltr'><strong>agrestis,</strong></span> <span class='ocrx_word' id='word_1_197' title='bbox 1289 2623 1310 2666; x_wconf 90' lang='lat' dir='ltr'><strong>a</strong></span> 
     </span>
     <span class='ocr_line' id='line_1_23' title="bbox 180 2699 1308 2786; baseline 0.001 -20"><span class='ocrx_word' id='word_1_198' title='bbox 180 2701 327 2766; x_wconf 83' lang='lat' dir='ltr'><strong>Vitruvio</strong></span> <span class='ocrx_word' id='word_1_199' title='bbox 345 2705 584 2764; x_wconf 81' lang='lat' dir='ltr'><strong>commemorari.</strong></span> <span class='ocrx_word' id='word_1_200' title='bbox 627 2701 905 2785; x_wconf 81' lang='lat' dir='ltr'><strong>Frequentissimna</strong></span> <span class='ocrx_word' id='word_1_201' title='bbox 924 2699 1088 2786; x_wconf 81' lang='lat' dir='ltr'><strong>Satyrione</strong></span> <span class='ocrx_word' id='word_1_202' title='bbox 1108 2727 1220 2770; x_wconf 86' lang='lat' dir='ltr'><strong>scenae</strong></span> <span class='ocrx_word' id='word_1_203' title='bbox 1236 2726 1308 2768; x_wconf 84' lang='lat' dir='ltr'><strong>usus</strong></span> 
     </span>
     <span class='ocr_line' id='line_1_24' title="bbox 179 2800 1309 2886; baseline 0.004 -20"><span class='ocrx_word' id='word_1_204' title='bbox 179 2806 211 2866; x_wconf 91' lang='lat' dir='ltr'><strong>in</strong></span> <span class='ocrx_word' id='word_1_205' title='bbox 228 2800 382 2866; x_wconf 79' lang='lat' dir='ltr'><strong>Atellanis</strong></span> <span class='ocrx_word' id='word_1_206' title='bbox 399 2801 513 2866; x_wconf 82' lang='lat' dir='ltr'><strong>fabulis</strong></span> <span class='ocrx_word' id='word_1_207' title='bbox 531 2824 600 2866; x_wconf 86' lang='lat' dir='ltr'><strong>esse</strong></span> <span class='ocrx_word' id='word_1_208' title='bbox 618 2803 765 2882; x_wconf 83' lang='lat' dir='ltr'><strong>debebat,</strong></span> <span class='ocrx_word' id='word_1_209' title='bbox 785 2808 870 2884; x_wconf 83' lang='lat' dir='ltr'><strong>qnia,</strong></span> <span class='ocrx_word' id='word_1_210' title='bbox 886 2811 1030 2886; x_wconf 83' lang='lat' dir='ltr'><strong>utsupra</strong></span> <span class='ocrx_word' id='word_1_211' title='bbox 1046 2803 1182 2886; x_wconf 83' lang='lat' dir='ltr'><strong>ostendi,</strong></span> <span class='ocrx_word' id='word_1_212' title='bbox 1200 2803 1309 2870; x_wconf 84' lang='lat' dir='ltr'><strong>noran</strong></span> 
     </span>
     <span class='ocr_line' id='line_1_25' title="bbox 179 2901 1309 2992; baseline 0.004 -24"><span class='ocrx_word' id='word_1_213' title='bbox 179 2902 323 2968; x_wconf 88' lang='lat' dir='ltr'><strong>ludorum</strong></span> <span class='ocrx_word' id='word_1_214' title='bbox 340 2910 551 2987; x_wconf 75' lang='lat' dir='ltr'><strong>argumentum</strong></span> <span class='ocrx_word' id='word_1_215' title='bbox 569 2901 635 2967; x_wconf 82' lang='lat' dir='ltr'><strong>iere</strong></span> <span class='ocrx_word' id='word_1_216' title='bbox 654 2907 737 2968; x_wconf 84' lang='lat' dir='ltr'><strong>circa</strong></span> <span class='ocrx_word' id='word_1_217' title='bbox 753 2919 804 2968; x_wconf 82' lang='lat' dir='ltr'><strong>res</strong></span> <span class='ocrx_word' id='word_1_218' title='bbox 820 2907 953 2970; x_wconf 80' lang='lat' dir='ltr'><strong>rusticas</strong></span> <span class='ocrx_word' id='word_1_219' title='bbox 966 2909 1162 2972; x_wconf 70' lang='lat' dir='ltr'><strong>recabatur.</strong></span> <span class='ocrx_word' id='word_1_220' title='bbox 1190 2907 1309 2992; x_wconf 76' lang='lat' dir='ltr'><strong>Carea-</strong></span> 
     </span>
     <span class='ocr_line' id='line_1_26' title="bbox 179 3003 1308 3090; baseline 0.004 -20"><span class='ocrx_word' id='word_1_221' title='bbox 179 3027 248 3070; x_wconf 82' lang='lat' dir='ltr'><strong>mus</strong></span> <span class='ocrx_word' id='word_1_222' title='bbox 265 3007 379 3090; x_wconf 78' lang='lat' dir='ltr'><strong>igitur,</strong></span> <span class='ocrx_word' id='word_1_223' title='bbox 403 3025 443 3068; x_wconf 93' lang='lat' dir='ltr'><strong>ne</strong></span> <span class='ocrx_word' id='word_1_224' title='bbox 459 3014 661 3086; x_wconf 76' lang='lat' dir='ltr'><strong>praepostere</strong></span> <span class='ocrx_word' id='word_1_225' title='bbox 678 3021 696 3069; x_wconf 86' lang='lat' dir='ltr'><strong>e</strong></span> <span class='ocrx_word' id='word_1_226' title='bbox 712 3005 876 3089; x_wconf 75' lang='lat' dir='ltr'><strong>satyricae</strong></span> <span class='ocrx_word' id='word_1_227' title='bbox 891 3025 1007 3072; x_wconf 81' lang='lat' dir='ltr'><strong>scenae</strong></span> <span class='ocrx_word' id='word_1_228' title='bbox 1024 3027 1083 3073; x_wconf 87' lang='lat' dir='ltr'><strong>usn</strong></span> <span class='ocrx_word' id='word_1_229' title='bbox 1100 3003 1308 3090; x_wconf 81' lang='lat' dir='ltr'><strong>apudllonra·</strong></span> 
     </span>
     <span class='ocr_line' id='line_1_27' title="bbox 176 3101 1132 3192; baseline 0.006 -22"><span class='ocrx_word' id='word_1_230' title='bbox 176 3116 237 3171; x_wconf 77' lang='lat' dir='ltr'><strong>nor</strong></span> <span class='ocrx_word' id='word_1_231' title='bbox 255 3101 329 3170; x_wconf 81' lang='lat' dir='ltr'><strong>coll·</strong></span> <span class='ocrx_word' id='word_1_232' title='bbox 401 3124 453 3186; x_wconf 83' lang='lat' dir='ltr'><strong>ns,</strong></span> <span class='ocrx_word' id='word_1_233' title='bbox 468 3115 527 3170; x_wconf 74' lang='lat' dir='ltr'><strong>&#39;cos</strong></span> <span class='ocrx_word' id='word_1_234' title='bbox 544 3109 639 3171; x_wconf 79' lang='lat' dir='ltr'><strong>ctiam</strong></span> <span class='ocrx_word' id='word_1_235' title='bbox 653 3109 799 3172; x_wconf 74' lang='lat' dir='ltr'><strong>manate</strong></span> <span class='ocrx_word' id='word_1_236' title='bbox 816 3108 961 3192; x_wconf 71' lang='lat' dir='ltr'><strong>Satyrtua</strong></span> <span class='ocrx_word' id='word_1_237' title='bbox 976 3110 1132 3176; x_wconf 69' lang='lat' dir='ltr'><strong>hamana</strong></span> 
     </span>
    </p>

    <p class='ocr_par' dir='ltr' id='par_1_8' title="bbox 174 3205 1306 3692">
     <span class='ocr_line' id='line_1_28' title="bbox 261 3205 1306 3291; baseline 0.007 -20"><span class='ocrx_word' id='word_1_238' title='bbox 261 3205 312 3272; x_wconf 86' lang='lat' dir='ltr'><strong>De</strong></span> <span class='ocrx_word' id='word_1_239' title='bbox 363 3210 456 3271; x_wconf 84' lang='lat' dir='ltr'><strong>oratii</strong></span> <span class='ocrx_word' id='word_1_240' title='bbox 482 3208 551 3272; x_wconf 90' lang='lat' dir='ltr'><strong>loco</strong></span> <span class='ocrx_word' id='word_1_241' title='bbox 567 3209 666 3289; x_wconf 81' lang='lat' dir='ltr'><strong>Epist.</strong></span> <span class='ocrx_word' id='word_1_242' title='bbox 684 3209 732 3290; x_wconf 88' lang='lat' dir='ltr'><strong>ll,</strong></span> <span class='ocrx_word' id='word_1_243' title='bbox 758 3214 794 3288; x_wconf 79' lang='lat'><strong>3,</strong></span> <span class='ocrx_word' id='word_1_244' title='bbox 820 3213 882 3274; x_wconf 60' lang='grc' dir='ltr'><strong>ΜΟ</strong></span> <span class='ocrx_word' id='word_1_245' title='bbox 899 3231 965 3291; x_wconf 81' lang='lat' dir='ltr'><strong>sqq.</strong></span> <span class='ocrx_word' id='word_1_246' title='bbox 989 3224 1082 3291; x_wconf 77' lang='lat' dir='ltr'><strong>quens</strong></span> <span class='ocrx_word' id='word_1_247' title='bbox 1098 3205 1306 3278; x_wconf 65' lang='lat' dir='ltr'><strong>ammaim</strong></span> 
     </span>
     <span class='ocr_line' id='line_1_29' title="bbox 179 3309 1306 3394; baseline 0.005 -20"><span class='ocrx_word' id='word_1_248' title='bbox 179 3311 218 3374; x_wconf 87' lang='lat' dir='ltr'><strong>a&#39;d</strong></span> <span class='ocrx_word' id='word_1_249' title='bbox 236 3311 415 3389; x_wconf 84' lang='lat' dir='ltr'><strong>opinionem</strong></span> <span class='ocrx_word' id='word_1_250' title='bbox 432 3313 521 3371; x_wconf 75' lang='lat' dir='ltr'><strong>anans</strong></span> <span class='ocrx_word' id='word_1_251' title='bbox 539 3310 729 3388; x_wconf 78' lang='lat' dir='ltr'><strong>probandam</strong></span> <span class='ocrx_word' id='word_1_252' title='bbox 745 3312 878 3391; x_wconf 81' lang='lat' dir='ltr'><strong>profert,</strong></span> <span class='ocrx_word' id='word_1_253' title='bbox 900 3315 965 3376; x_wconf 82' lang='lat' dir='ltr'><strong>ima</strong></span> <span class='ocrx_word' id='word_1_254' title='bbox 975 3309 1210 3394; x_wconf 75' lang='lat' dir='ltr'><strong>sopra-tonas</strong></span> <span class='ocrx_word' id='word_1_255' title='bbox 1227 3329 1306 3394; x_wconf 76' lang='lat' dir='ltr'><strong>sm,</strong></span> 
     </span>
     <span class='ocr_line' id='line_1_30' title="bbox 177 3399 1304 3495; baseline 0.008 -23"><span class='ocrx_word' id='word_1_256' title='bbox 177 3411 231 3474; x_wconf 88' lang='lat' dir='ltr'><strong>nbi</strong></span> <span class='ocrx_word' id='word_1_257' title='bbox 247 3409 388 3488; x_wconf 84' lang='lat' dir='ltr'><strong>ostendi,</strong></span> <span class='ocrx_word' id='word_1_258' title='bbox 411 3399 581 3473; x_wconf 79' lang='lat' dir='ltr'><strong>Horatium</strong></span> <span class='ocrx_word' id='word_1_259' title='bbox 604 3405 655 3474; x_wconf 83' lang='lat' dir='ltr'><strong>liic</strong></span> <span class='ocrx_word' id='word_1_260' title='bbox 676 3410 816 3495; x_wconf 79' lang='lat' dir='ltr'><strong>&#39;Satyrioi</strong></span> <span class='ocrx_word' id='word_1_261' title='bbox 840 3415 989 3478; x_wconf 85' lang='lat' dir='ltr'><strong>dramatis</strong></span> <span class='ocrx_word' id='word_1_262' title='bbox 1015 3417 1221 3480; x_wconf 86' lang='lat' dir='ltr'><strong>imitationem</strong></span> <span class='ocrx_word' id='word_1_263' title='bbox 1240 3409 1304 3480; x_wconf 79' lang='lat' dir='ltr'><strong>lle·</strong></span> 
     </span>
     <span class='ocr_line' id='line_1_31' title="bbox 174 3513 1306 3597; baseline 0.007 -22"><span class='ocrx_word' id='word_1_264' title='bbox 174 3513 277 3575; x_wconf 87' lang='lat' dir='ltr'><strong>manis</strong></span> <span class='ocrx_word' id='word_1_265' title='bbox 294 3527 350 3591; x_wconf 85' lang='lat' dir='ltr'><strong>pro</strong></span> <span class='ocrx_word' id='word_1_266' title='bbox 369 3513 473 3594; x_wconf 77' lang='lat' dir='ltr'><strong>nugis,</strong></span> <span class='ocrx_word' id='word_1_267' title='bbox 491 3528 566 3590; x_wconf 86' lang='lat' dir='ltr'><strong>quas</strong></span> <span class='ocrx_word' id='word_1_268' title='bbox 582 3521 656 3592; x_wconf 81' lang='lat' dir='ltr'><strong>post</strong></span> <span class='ocrx_word' id='word_1_269' title='bbox 668 3515 849 3596; x_wconf 82' lang='lat' dir='ltr'><strong>tragoedias</strong></span> <span class='ocrx_word' id='word_1_270' title='bbox 860 3516 960 3579; x_wconf 83' lang='lat' dir='ltr'><strong>edere</strong></span> <span class='ocrx_word' id='word_1_271' title='bbox 976 3515 1129 3597; x_wconf 87' lang='lat' dir='ltr'><strong>solerent,</strong></span> <span class='ocrx_word' id='word_1_272' title='bbox 1152 3533 1306 3582; x_wconf 77' lang='lat' dir='ltr'><strong>uomen-</strong></span> 
     </span>
     <span class='ocr_line' id='line_1_32' title="bbox 174 3611 888 3692; baseline 0.006 -16"><span class='ocrx_word' id='word_1_273' title='bbox 174 3611 269 3691; x_wconf 82' lang='lat' dir='ltr'><strong>dare,</strong></span> <span class='ocrx_word' id='word_1_274' title='bbox 288 3611 371 3692; x_wconf 80' lang='lat' dir='ltr'><strong>qood</strong></span> <span class='ocrx_word' id='word_1_275' title='bbox 387 3614 453 3692; x_wconf 88' lang='lat' dir='ltr'><strong>ipre</strong></span> <span class='ocrx_word' id='word_1_276' title='bbox 471 3623 609 3678; x_wconf 70' lang='lat' dir='ltr'><strong>annuae</strong></span> <span class='ocrx_word' id='word_1_277' title='bbox 625 3614 748 3678; x_wconf 84' lang='lat' dir='ltr'><strong>videtur</strong></span> <span class='ocrx_word' id='word_1_278' title='bbox 762 3621 888 3682; x_wconf 50' lang='lat' dir='ltr'><strong>veruo:</strong></span> 
     </span>
    </p>

    <p class='ocr_par' dir='ltr' id='par_1_9' title="bbox 264 3719 1088 3792">
     <span class='ocr_line' id='line_1_33' title="bbox 264 3719 1088 3792; baseline 0.017 -22"><span class='ocrx_word' id='word_1_279' title='bbox 264 3759 270 3768; x_wconf 91' lang='lat'><strong>.</strong></span> <span class='ocrx_word' id='word_1_280' title='bbox 387 3731 483 3776; x_wconf 82' lang='lat' dir='ltr'><strong>rorum</strong></span> <span class='ocrx_word' id='word_1_281' title='bbox 502 3719 542 3778; x_wconf 82' lang='lat' dir='ltr'><strong>ita</strong></span> <span class='ocrx_word' id='word_1_282' title='bbox 556 3719 680 3792; x_wconf 68' lang='lat' dir='ltr'><strong>nsanos,</strong></span> <span class='ocrx_word' id='word_1_283' title='bbox 701 3720 1088 3787; x_wconf 69' lang='lat' dir='ltr'><strong>incomminatione</strong></span> 
     </span>
    </p>

    <p class='ocr_par' dir='ltr' id='par_1_10' title="bbox 389 3807 830 3900">
     <span class='ocr_line' id='line_1_34' title="bbox 389 3807 830 3900; baseline 0.011 -22"><span class='ocrx_word' id='word_1_284' title='bbox 389 3820 540 3878; x_wconf 74' lang='lat' dir='ltr'><strong>dementat</strong></span> <span class='ocrx_word' id='word_1_285' title='bbox 557 3807 676 3900; x_wconf 74' lang='lat' dir='ltr'><strong>Satyros</strong></span> <span class='ocrx_word' id='word_1_286' title='bbox 694 3853 701 3883; x_wconf 65' lang='grc' dir='ltr'>ι</span> <span class='ocrx_word' id='word_1_287' title='bbox 720 3863 727 3879; x_wconf 87' lang='grc'><strong><em>.</em></strong></span> <span class='ocrx_word' id='word_1_288' title='bbox 827 3845 830 3854; x_wconf 76' lang='grc'><strong>’</strong></span> 
     </span>
    </p>

    <p class='ocr_par' dir='ltr' id='par_1_11' title="bbox 177 3910 1304 4310">
     <span class='ocr_line' id='line_1_35' title="bbox 177 3910 1304 4007; baseline 0.011 -27"><span class='ocrx_word' id='word_1_289' title='bbox 177 3915 301 3981; x_wconf 64' lang='lat' dir='ltr'><strong>amnas</strong></span> <span class='ocrx_word' id='word_1_290' title='bbox 323 3927 381 3996; x_wconf 83' lang='lat' dir='ltr'><strong>pro</strong></span> <span class='ocrx_word' id='word_1_291' title='bbox 406 3910 529 4001; x_wconf 80' lang='lat' dir='ltr'><strong>Satyris</strong></span> <span class='ocrx_word' id='word_1_292' title='bbox 554 3918 798 3984; x_wconf 83' lang='lat' dir='ltr'><strong>introducendos</strong></span> <span class='ocrx_word' id='word_1_293' title='bbox 817 3924 947 4002; x_wconf 71' lang='lat' dir='ltr'><strong>nunna,</strong></span> <span class='ocrx_word' id='word_1_294' title='bbox 973 3923 1304 4007; x_wconf 68' lang='lat' dir='ltr'><strong>cenommannica</strong></span> 
     </span>
     <span class='ocr_line' id='line_1_36' title="bbox 178 4020 1304 4108; baseline 0.007 -26"><span class='ocrx_word' id='word_1_295' title='bbox 178 4020 387 4101; x_wconf 88' lang='lat' dir='ltr'><strong>respondeant</strong></span> <span class='ocrx_word' id='word_1_296' title='bbox 412 4022 637 4099; x_wconf 87' lang='lat' dir='ltr'><strong>quodammodo</strong></span> <span class='ocrx_word' id='word_1_297' title='bbox 663 4027 869 4104; x_wconf 82' lang='lat' dir='ltr'><strong>praetextatis</strong></span> <span class='ocrx_word' id='word_1_298' title='bbox 887 4032 919 4090; x_wconf 91' lang='lat' dir='ltr'><strong>et</strong></span> <span class='ocrx_word' id='word_1_299' title='bbox 935 4029 1065 4108; x_wconf 77' lang='lat' dir='ltr'><strong>togatis,</strong></span> <span class='ocrx_word' id='word_1_300' title='bbox 1087 4048 1166 4107; x_wconf 85' lang='lat' dir='ltr'><strong>quae</strong></span> <span class='ocrx_word' id='word_1_301' title='bbox 1183 4027 1304 4090; x_wconf 84' lang='lat' dir='ltr'><strong>drama·</strong></span> 
     </span>
     <span class='ocr_line' id='line_1_37' title="bbox 177 4122 1304 4210; baseline 0.003 -24"><span class='ocrx_word' id='word_1_302' title='bbox 177 4131 241 4186; x_wconf 83' lang='lat' dir='ltr'><strong>nnn</strong></span> <span class='ocrx_word' id='word_1_303' title='bbox 259 4142 378 4206; x_wconf 79' lang='lat' dir='ltr'><strong>genera</strong></span> <span class='ocrx_word' id='word_1_304' title='bbox 392 4122 459 4204; x_wconf 82' lang='lat' dir='ltr'><strong>ipsc</strong></span> <span class='ocrx_word' id='word_1_305' title='bbox 477 4122 588 4203; x_wconf 84' lang='lat' dir='ltr'><strong>probat</strong></span> <span class='ocrx_word' id='word_1_306' title='bbox 604 4146 633 4186; x_wconf 91' lang='lat' dir='ltr'><strong>v.</strong></span> <span class='ocrx_word' id='word_1_307' title='bbox 652 4128 722 4189; x_wconf 77' lang='lat'><strong>286.</strong></span> <span class='ocrx_word' id='word_1_308' title='bbox 755 4124 904 4192; x_wconf 79' lang='lat' dir='ltr'><strong>Proiecto</strong></span> <span class='ocrx_word' id='word_1_309' title='bbox 922 4148 985 4192; x_wconf 92' lang='lat' dir='ltr'><strong>non</strong></span> <span class='ocrx_word' id='word_1_310' title='bbox 1001 4131 1116 4199; x_wconf 83' lang='lat' dir='ltr'><strong>raritas</strong></span> <span class='ocrx_word' id='word_1_311' title='bbox 1133 4136 1228 4210; x_wconf 78' lang='lat' dir='ltr'><strong>esset,</strong></span> <span class='ocrx_word' id='word_1_312' title='bbox 1246 4127 1304 4192; x_wconf 87' lang='lat' dir='ltr'><strong>Sa·</strong></span> 
     </span>
     <span class='ocr_line' id='line_1_38' title="bbox 177 4225 1303 4310; baseline 0.007 -24"><span class='ocrx_word' id='word_1_313' title='bbox 177 4225 347 4303; x_wconf 85' lang='lat' dir='ltr'><strong>tyricomm</strong></span> <span class='ocrx_word' id='word_1_314' title='bbox 381 4231 489 4305; x_wconf 88' lang='lat' dir='ltr'><strong>poetas</strong></span> <span class='ocrx_word' id='word_1_315' title='bbox 518 4233 627 4290; x_wconf 83' lang='lat' dir='ltr'><strong>contra</strong></span> <span class='ocrx_word' id='word_1_316' title='bbox 656 4225 744 4310; x_wconf 78' lang='lat' dir='ltr'><strong>leges</strong></span> <span class='ocrx_word' id='word_1_317' title='bbox 769 4230 907 4307; x_wconf 80' lang='lat' dir='ltr'><strong>poeticas</strong></span> <span class='ocrx_word' id='word_1_318' title='bbox 931 4237 1095 4309; x_wconf 81' lang='lat' dir='ltr'><strong>peccantes</strong></span> <span class='ocrx_word' id='word_1_319' title='bbox 1120 4231 1303 4296; x_wconf 64' lang='lat' dir='ltr'><strong>mnam·</strong></span> 
     </span>
    </p>
   </div>
   <div class='ocr_carea' id='block_1_8' title="bbox 0 0 1424 4948">
    <p class='ocr_par' dir='ltr' id='par_1_12' title="bbox 0 0 1424 4948">
     <span class='ocr_line' id='line_1_39' title="bbox 0 0 1424 4948; baseline 0 5"><span class='ocrx_word' id='word_1_320' title='bbox 0 0 1424 4948; x_wconf 95' lang='lat' dir='ltr'><strong> </strong></span> 
     </span>
    </p>
   </div>
  </div>
 </body>
</html>
