2840 4948
648 251 853 364 Q

191 477 324 558 bellans,
341 489 441 560 neque
458 497 524 542 rem
540 475 690 542 Mon
707 475 803 542 aaa
819 473 923 556 populi
939 472 1084 553 Romam,
1100 471 1180 556 qnae
1196 496 1262 544 non
1275 480 1315 546 iu
1406 493 1408 560 ζ

190 604 230 646 eo
247 603 303 646 eno
320 585 458 660 tenl'pcre
475 579 585 644 fuistet
601 583 725 656 notata,
743 585 789 655 et,
808 577 888 657 quod
904 575 1133 656 difficillimum,
1155 579 1199 640 sio
1219 579 1311 642 lami-

189 683 299 767 liaram
317 683 466 766 originem
492 701 561 744 euru
586 679 802 756 subtexuisse,
827 686 862 742 at
887 697 931 742 ex
948 697 986 742 en
1004 676 1158 742 clarorum
1174 674 1311 746 uirorum
1407 743 1408 748 ,

189 784 374 866 propagines
390 783 562 862 potuissent
577 783 732 866 cognosci.
773 778 885 859 Addit,
906 780 1019 846 fecisse
1037 779 1171 846 eundem
1187 779 1247 847 boe
1263 801 1310 846 se·
1407 839 1408 848 ,

188 887 321 965 paratim
338 885 370 946 in
387 883 457 957 aliis
473 881 575 948 libris:
594 881 639 946 Μ.
658 880 746 946 Bruti
761 889 874 964 rogatu
886 879 1163 950 Iuniaruiamiliam
1180 904 1200 945 a
1216 884 1311 964 stirpe

138 1033 142 1048 .
190 987 230 1050 ad
246 1006 334 1050 suam
351 992 488 1050 aetatem
504 985 613 1048 ordine
629 986 853 1062 numerarium,
870 991 1043 1062 notantem,
1062 985 1165 1063 qui,2a
1181 1005 1243 1063 quo
1261 1005 1311 1048 cr·
1407 1039 1408 1042 ,

189 1099 264 1165 tus,
290 1107 366 1166 quoa
395 1085 549 1164 honores,
580 1085 746 1166 quibusque
771 1085 959 1164 temporibus
993 1087 1139 1165 cepisset,
1169 1082 1313 1151 Marcelli

190 1187 313 1254 Claudii
329 1185 570 1266 Marcellorum,
598 1187 750 1268 Scipionis
768 1185 906 1253 Cornelii
932 1194 965 1251 et
980 1187 1069 1250 Fabii
1094 1183 1225 1251 Maximi
1249 1185 1311 1248 Fa·

189 1289 311 1354 biorum
337 1297 369 1354 et
393 1288 593 1354 Aemiliorum
618 1311 756 1370 quoque,
784 1288 900 1369 quibua
916 1286 1005 1353 libris
1031 1286 1109 1352 nibil
1134 1307 1225 1367 posse
1244 1307 1312 1351 esre

120 1398 125 1410 ¹
190 1379 308 1456 dulcius
324 1393 384 1469 iis,
411 1393 463 1470 qui
488 1389 623 1472 aliquam
647 1391 843 1471 cupiditatem
860 1388 997 1456 babeant
1012 1391 1143 1472 natiuae
1159 1387 1313 1462 clarorum
1407 1409 1408 1466 ξ

189 1493 340 1558 virorum.
383 1491 491 1556 Potest
516 1491 625 1572 aliquis
651 1489 1003 1571 coniioeue‚1Velleium
1028 1489 1067 1553 ob
1093 1489 1175 1556 bunc
1201 1511 1314 1555 novum

190 1594 316 1660 modum
332 1593 481 1660 historiae
498 1594 698 1671 scribendae,
725 1596 775 1674 qui
792 1614 830 1658 eo
852 1592 1018 1660 differebat
1033 1591 1193 1676 arulgari
1206 1591 1310 1670 modo,

191 1697 349 1776 quadres
375 1694 584 1760 Romanorum
612 1701 722 1777 gestae
749 1695 789 1758 ab
817 1701 942 1760 auctore
968 1696 1158 1771 expositioni
1174 1694 1315 1773 stirpium
1407 1763 1408 1772 χ

191 1796 431 1862 chrissimarum
454 1793 641 1862 familiarum
665 1794 927 1870 adnectebantur,
950 1780 1153 1872 Pomponium
1175 1793 1315 1863 Atticum
1407 1871 1408 1884 χ

192 1899 371 1970 mactasset
398 1896 454 1960 sed
478 1904 601 1974 praeter
626 1899 774 1974 temporis
799 1897 952 1960 rationem
977 1893 1082 1960 obstat
1099 1896 1204 1971 etiarn,
1231 1895 1318 1974 quod

190 1998 299 2062 rudem
315 2017 385 2061 eum
402 1995 504 2060 verbis
521 1997 604 2060 dicit.
639 1994 756 2060 Dubito
775 1997 871 2072 euim,
889 2013 962 2060 unm
979 1998 1137 2075 quisquam
1150 1995 1317 2061 ostendere

192 2106 302 2178 queat,
319 2098 522 2178 Pomponium
537 2097 688 2174 Atticum,
714 2098 763 2158 sui
779 2098 927 2176 temporis
944 2096 1182 2162 eruditissimum
1203 2104 1237 2161 et
1254 2097 1317 2164 ele·

192 2201 405 2284 gunfissimum
430 2197 621 2276 Romanum,
654 2196 813 2262 Ciceronis
839 2199 971 2264 amicum
996 2205 1029 2260 et
1052 2199 1084 2260 in
1101 2196 1225 2262 litteris
1249 2199 1316 2262 fare

192 2299 362 2380 aemulum,
388 2303 501 2375 virum,
519 2302 569 2366 cui
583 2297 691 2381 Nepos
708 2298 775 2364 Att.
793 2307 816 2363 4
831 2300 1066 2365 tradit‘tantam
1084 2298 1317 2394 laurasame-

193 2405 241 2470 nis
266 2402 374 2469 Latini
398 2405 594 2477 recantatum,
620 2409 656 2467 at
680 2409 859 2483 appareret,
879 2403 917 2464 ¹iu
943 2422 980 2464 eo
1005 2403 1141 2468 catinum
1166 2402 1318 2481 quendam

191 2503 330 2584 leporem
356 2526 440 2584 esee,
465 2525 528 2568 non
554 2504 719 2583 adscitum,
746 2504 786 2566 ob
810 2503 976 2568 ruditatem
999 2504 1041 2570 iu·
1056 2502 1162 2568 verbis
1187 2509 1272 2569 recta
1300 2525 1319 2568 a

194 2604 319 2670 Velleio
345 2607 457 2672 notam.
500 2603 550 2667 lie
575 2603 773 2684 Pomponiis,
800 2607 857 2683 qni·
877 2606 988 2670 seriari
1008 2611 1147 2686 tempore
1164 2606 1318 2684 vixerunt,

195 2706 247 2770 bie
263 2725 438 2770 ammonem
454 2713 532 2770 -osse
547 2726 612 2768 non
628 2726 738 2786 posse,
761 2703 1062 2789 scesseintelligitur.
1085 2705 1320 2773 ammana
1339 2733 1342 2740 ’

195 2807 320 2872 nummo
346 2805 601 2885 Pomponium,
628 2807 668 2869 de
692 2826 751 2885 quc
772 2805 884 2872 Horat.
911 2805 1026 2887 Sati,
1051 2813 1090 2886 4,
1117 2810 1158 2876 52
1182 2805 1320 2890 loquitur

195 2913 343 2985 tanquam
359 2906 399 2969 de
415 2906 671 2990 iuueneprodigo
689 2913 722 2972 ot
738 2907 873 2986 perdito,
896 2910 950 2988 qui·
973 2929 993 2972 a
1012 2915 1115 2990 patre,
1133 2911 1171 2975 si
1187 2911 1319 2988 viveret,

196 3006 290 3076 uuili
305 3007 639 3087 mocotncrapareun,
653 3015 687 3072 ut
704 3005 786 3072 filius
802 3009 835 3074 iu
850 3010 1013 3077 comoedia
1029 3009 1074 3076 M.
1084 3008 1321 3091 Pomponium

195 3107 420 3177 Marcellum
432 3109 684 3188 Grammaticum,
700 3111 755 3190 qui
768 3109 828 3172 sub
847 3108 975 3174 Tiberio
992 3111 1194 3185 vixitesma
1205 3112 1322 3196 ‚Grut-

195 3219 270 3277 mat.
290 3216 349 3284 aas
371 3209 419 3274 La
432 3210 673 3292 llomponium'
688 3209 1128 3292 1ΙεΊαοοιιιιιγ-ῳιίἲΜοοείιιο
1152 3220 1193 3278 et,
1209 3213 1323 3294 Syriae
1405 3239 1406 3256 ¹

195 3313 329 3392 praefuit
353 3312 406 3376 ab'
420 3334 449 3375 a.
461 3311 509 3376 JJ,
528 3315 587 3378 775
614 3333 709 3391 usque
726 3313 775 3378 .ad
800 3333 820 3376 a
837 3315 913 3391 786,
940 3310 1044 3379 Tacit.
1060 3312 1172 3381 Annal-
1190 3314 1249 3392 vl,
1266 3319 1323 3394 27,

196 3413 284 3481 Suet.
304 3412 376 3478 Tib.
393 3419 449 3488 423
475 3411 716 3494 Pomponium
735 3411 884 3492 Melam,
910 3413 1134 3498 geograpbum,
1152 3415 1193 3482 .Ρ.
1214 3415 1323 3486 Ram·
1353 3432 1357 3444 ’

186 3517 343 3593 'ponium
368 3514 591 3592 Secundum,
608 3521 742 3594 «poetam
766 3517 931 3600 tragicum,
962 3515 1140 3600 eruditione,
1159 3524 1192 3580 et
1219 3519 1325 3583 nitere
1404 3515 1405 3518 ’

196 3622 420 3696 praestantem,
437 3623 479 3700 *et
503 3617 604 3681 utum
629 3614 922 3700 eoueularom²⁵⁴),
949 3624 983 3680 et
1005 3615 1044 3681 L.
1069 3616 1325 3698 Pomponiam,

200 3717 265 3778 eius
281 3716 410 3780 frauem
426 3719 576 3782 maiorem
594 3716 783 3798 eundemque
801 3724 925 3798 poetam
937 3721 1021 3798 255);
1047 3716 1201 3783 Sextum
1217 3718 1326 3782 Pom·
1404 3741 1405 3798 ,

197 3818 362 3896 ponium,
390 3815 549 3888 celebrem
573 3817 838 3898 iurisconsultum,
864 3818 929 3884 Iul.
952 3819 1188 3900 Pomponium
1213 3819 1326 3884 Sebi-

131 3989 151 4018 x
195 3939 299 3996 nam,
327 3920 377 3996 qui
403 3917 520 3981 scholia
544 3922 577 3983 in
594 3918 762 4004 Virgilium
779 3923 921 4001 scripsit,
947 3923 986 3986 de
1013 3939 1073 4000 quo
1090 3922 1152 3986 vid.
1170 3919 1326 3985 Heinrich

266 4155 328 4223 254)
347 4157 448 4212 Quinet.
462 4159 533 4221 x,1,
551 4159 781 4222 Tacit.Annel.Xi‚
799 4164 838 4208 13.
962 4197 966 4214 .
1063 4191 1066 4200 ·

266 4244 327 4305 255)
344 4243 425 4292 Tacit.
433 4243 522 4294 Annei.
535 4243 590 4306 xil,
608 4245 648 4294 28.
