2840 4948
657 245 704 320 w
775 243 780 252 ,

109 479 221 565 Progr.
238 475 341 544 Boun.
360 478 457 552 1824,
476 473 608 554 (lenique
623 469 864 552 Pomponium
881 468 1045 552 quenlmu,
1062 489 1153 552 quem
1170 469 1244 537 lsirl.

110 581 222 666 Origg.
240 577 268 659 1,
286 583 326 644 38
343 577 399 644 fin.
417 598 460 642 ex
476 573 614 664 Virgilio
639 575 723 638 inter
740 578 848 638 cetera
868 570 934 636 stili
951 574 999 638 sui
1015 574 1081 636 otiu
1098 573 1246 658 Tityrum
1310 625 1316 632 .

107 684 144 748 in
175 679 295 746 Christi
320 678 471 750 honoram
496 677 707 757 composuisse
733 675 838 740 tradit.
867 671 1010 738 Incertus
1036 677 1154 740 aetatis⁴
1174 683 1247 742 sunt

108 783 335 864 Pomponius
356 779 505 848 Vitelus
523 779 603 860 apud
623 775 718 844 Varr.
734 775 773 840 R.
791 800 818 841 r.
834 774 884 856 ΙΙ,
901 780 933 855 1,
966 773 1007 840 L.
1022 774 1259 858 Pomponius*

108 883 214 949 Molo
227 885 265 947 'in
281 903 407 947 nummo
426 881 507 962 apud
525 877 658 944 Eokhel.
676 877 769 942 Tom.
786 876 821 943 V
836 899 866 958 p.
884 882 958 948 283.

194 1017 316 1082 Horum
333 1017 470 1081 omnium
484 998 582 1094 'uuum
599 1015 754 1079 neminem
780 1037 800 1078 a
817 1011 943 1078 Velleio
963 1012 1133 1100 significari
1163 1017 1246 1079 veri-
1303 1086 1309 1104 .

108 1119 212 1186 simile
230 1121 289 1196 sit,
316 1125 414 1182 restat
431 1115 517 1181 solus
534 1115 573 1180 L.
591 1115 815 1197 Pomponius
833 1113 1103 1196 Bononiensis,
1125 1115 1245 1182 Atella·

108 1243 221 1286 narum
246 1221 397 1300 scriptor,
421 1221 456 1281 in
482 1239 573 1299 quem
600 1219 707 1282 omniu
732 1239 752 1280 a
776 1215 902 1280 Velleio
927 1217 1025 1283 allata
1049 1221 1139 1305 signe
1163 1219 1245 1283 bene

110 1322 273 1404 quadrant.
317 1319 455 1384 Primum
481 1340 525 1384 ex
549 1318 687 1383 Eusebio
706 1321 835 1397 scimus,
860 1318 1003 1384 floruisse
1028 1332 1100 1384 eum
1117 1320 1243 1405 Olymp.

109 1421 523 1504 1⁷3‚1--664n.U=-
539 1425 581 1484 90
599 1443 627 1484 e.
649 1418 685 1483 C.
703 1421 725 1482 i.
745 1443 773 1484 e.
787 1421 876 1484 ‘circe
900 1429 1042 1502 tempora
1067 1421 1143 1487 belli
1158 1422 1246 1489 Mer·

109 1529 180 1607 sici,
198 1510 338 1606 aequalis
355 1525 449 1607 igitur
466 1529 535 1587 erat
552 1521 703 1586 Sisennae
720 1519 872 1603 historici,
890 1524 957 1603 qui,
974 1531 1010 1586 ut
1021 1520 1163 1588 Velleius
1175 1548 1245 1605 pcr-

108 1627 301 1710 liberm),
331 1627 394 1688 iem
417 1627 537 1690 iuvenis
558 1623 769 1688 Historiarum
794 1632 903 1688 auctor
928 1645 1004 1704 opus
1030 1623 1108 1688 belli
1133 1627 1245 1707 civilis,

110 1728 196 1809 qnod
212 1735 333 1812 gestum
351 1733 400 1792 est
415 1729 498 1792 intra
514 1748 613 1791 annos
630 1729 692 1790 666
703 1730 816 1789 -672
835 1729 887 1812 (88
906 1762 946 1776 ·-
964 1727 1018 1810 82)
1039 1734 1112 1818 post
1128 1725 1246 1808 aliquot

109 1849 211 1894 annos
236 1831 299 1892 iam
324 1831 430 1892 senior
455 1830 562 1894 edidit.
604 1827 701 1892 Aliud
726 1829 765 1892 de
782 1826 945 1909 Pomponii
971 1835 1076 1892 eetate
1097 1830 1245 1895 indicium

106 1930 240 2012 praebet
255 1930 342 1996 locus
360 1929 594 2009 apndMacrob.
605 1928 672 1994 Sat.
686 1927 746 2010 VI,
762 1937 797 2007 4,·
812 1929 867 1993 ubi
885 1930 924 1993 da
941 1929 1113 2011 vocabulis,
1132 1931 1243 2012 qulbus

107 2031 264 2118 Virgilius
290 2034 404 2112 primus
430 2055 503 2097 usus
529 2050 598 2096 esse
625 2033 724 2096 rideri
744 2034 860 2113 possit,
887 2053 979 2113 quum
995 2041 1098 2097 tamen
1117 2041 1190 2098 aute
1211 2041 1245 2099 ct

107 2143 235 2199 veteres
251 2133 364 2199 iisdem
380 2133 429 2197 asi
444 2136 523 2214 siut,
543 2133 693 2215 loquitur:

530 2263 709 2334 „pastorem,
726 2254 839 2335 Tityre,
857 2255 975 2334 pingues

321 2375 463 2435 „pascere
481 2365 596 2435 oportet
612 2373 694 2427 oves,
712 2355 862 2415 deductum
880 2355 978 2416 dicere
997 2377 1127 2433 carmen,

106 2470 301 2554 „deductsun
317 2495 373 2552 pro
391 2473 477 2537 tenui
495 2477 527 2534 et
543 2469 652 2534 subtili
667 2468 830 2556 eleganter
844 2473 979 2553 positum
992 2481 1050 2538 est.
1073 2473 1126 2538 Sic
1139 2481 1244 2541 autem

107 2581 168 2656 „et
183 2571 333 2638 Afranius
350 2575 383 2638 in
401 2571 547 2657 Virgine:
569 2569 684 2638 Verbis
701 2571 839 2656 pauculis
858 2575 1032 2656 respondit,
1049 2578 1148 2640 tristis
1165 2600 1244 2642 voce
1265 2651 1268 2658 ⁴

107 2673 286 2757 ,‚de‹lucte,
311 2673 466 2755 melleque
490 2696 525 2738 se
542 2664 777 2756 nonquievissa
799 2674 890 2740 dixit.
923 2671 1014 2742 'ltem
1031 2679 1112 2762 apud
1130 2673 1244 2746 Corui·

108 2773 253 2860 ,ficium
658 2853 661 2869 ³

228 2917 232 2923 ·
268 2929 270 2932 ·
320 2897 465 2970 „clcrlucta
482 2899 550 2958 milri
566 2918 638 2960 voce
657 2901 805 2980 garrienti.

109 3014 201 3096 „Sel
217 3013 296 3079 haec
313 3012 352 3078 ab
369 3011 427 3076 illo
443 3013 611 3093 fluxerunt,
631 3018 714 3095 quod
730 3015 918 3096 Pomponius
934 3018 968 3081 in
984 3017 1144 3098 Atellana,
1162 3042 1243 3102 quac

108 3112 444 3198 „KalmmoManias
461 3117 651 3195 inscribitur,
669 3119 725 3180 ait:
744 3115 864 3180 Vocem
874 3117 1008 3182 deducas
1026 3127 1243 3199 oportetetc.“

108 3219 137 3282 E
165 3238 225 3298 quo
251 3214 322 3278 loco
350 3214 470 3295 elucet,
496 3215 704 3296 Pomponium
728 3208 792 3282 non
808 3219 890 3282 inira
906 3219 1028 3284 Afranii
1045 3229 1180 3286 aetatem
1199 3224 1243 3288 vi-

107 3322 207 3398 xisse,
225 3339 318 3398 quum
335 3317 415 3381 hanc
431 3318 518 3381 verbi
537 3319 721 3396 deducere
738 3319 998 3403 significationem
1017 3330 1049 3386 et
1064 3322 1241 3406 Afranium,

109 3441 201 3501 quem
219 3422 302 3483 cirea
318 3440 432 3482 annum
449 3423 510 3482 660
527 3417 670 3484 floruisse
686 3423 819 3501 scimus,
850 3431 883 3486 ot
904 3419 1124 3504 Cornificium,
1151 3442 1241 3506 quem

110 3519 255 3586 Ciceroni
271 3541 379 3602 parem
396 3519 447 3584 vel
465 3513 626 3604 supparem
644 3529 767 3586 constat
778 3527 868 3603 251),
891 3546 910 3586 a
926 3523 1098 3606 Pomponio
1120 3527 1241 3592 ‹lesum-

107 3625 188 3686 sisse
206 3622 299 3688 dicat.
343 3618 347 3627 ’
460 3683 464 3693 ,

108 3785 319 3798 ...uun—a·-

178 3878 240 3939 25⁶)
257 3879 348 3930 Vellei.
359 3883 390 3942 tl,
408 3881 436 3931 9:
453 3879 643 3945 „Hiatorierum
660 3885 752 3934 armar
766 3886 880 3935 ismtrm
892 3887 1240 3952 Sircnnsmstlureata,-red

101 3961 174 4014 ¹opus
183 3946 245 3996 belli
254 3946 335 3996 civilia
345 3950 442 3998 Sullani
451 3954 510 4010 post
527 3952 625 4012 aliquot
637 3967 718 4002 annos
731 3957 762 4002 ab
771 3969 802 4003 ea
811 3955 912 4004 seniore
925 3957 1019 4005 editum
1028 3965 1075 4008 ert.
1109 3957 1241 4006 vetustior

110 4015 218 4063 Sisenna
226 4016 276 4062 tuit
285 4016 399 4078 Coelius,
418 4019 530 4079 aequetis
545 4021 667 4069 Sisennae
682 4023 805 4084 Rutilius,
825 4025 995 4084 Claudiusque
1013 4025 1195 4086 Quadrigarius
1211 4027 1240 4070 et

108 4083 334 4134 Valeriurnntiar.
369 4087 660 4154 Saneuonignoremne,
678 4091 765 4140 eadem
775 4093 859 4140 aetate
868 4093 1026 4142 tuisse-L.
1034 4091 1227 4152 Pomponium.“
1245 4097 1246 4101 ’

176 4182 237 4247 261)
249 4187 364 4237 Macron.
374 4189 426 4236 sut.
434 4188 454 4248 1,
465 4192 493 4237 9:
511 4191 754 4249 „undecenniticiur
763 4195 913 4255 Eryman-um
922 4195 980 4245 libr.
990 4197 1014 4253 8,
1032 4194 1131 4253 Cicero,
1149 4191 1240 4253 insilit,

108 4255 269 4317 neniarum,
286 4255 331 4304 scd
338 4255 437 4304 Eanum
447 4258 560 4306 nominet
568 4261 599 4307 eb
608 4261 720 4311 eundo.“
1151 4303 1156 4308 .
1247 4281 1250 4293 .

1010 4343 1029 4402 7
