2840 4948
714 205 764 279 72

634 307 840 318 ...ιι-,ὑα-

176 433 340 514 „moadiae
364 439 468 497 autem
493 428 543 494 vel
569 431 764 514 tragoediae,
789 451 868 510 quae
885 450 904 492 a
920 428 1041 494 Latinis
1057 432 1189 512 scriptae
1214 439 1295 512 aaut

175 543 326 618 ‚,togstae
343 534 413 597 ideo
432 534 587 612 dicuntur,
614 534 685 612 quia
701 537 827 612 propter
843 533 937 596 sestis
957 533 1045 596 istius
1061 551 1150 596 usum
1167 535 1296 597 etiams

174 635 392 717 „senatoribus
418 633 588 718 agebantur
613 632 720 697 diebus
745 633 854 696 sacris.
898 630 950 695 Sic
975 636 1069 696 etiam
1087 634 1225 699 Graecae
1246 656 1297 698 co-

94 737 98 752 '
174 738 341 817 „moadiae
357 717 607 818 vet‘rragoediae
630 733 779 815 palliatae
795 733 949 812 dicuntur,
971 736 1037 798 sive
1055 737 1185 799 aveatis
1202 738 1297 816 ipsius

175 853 270 916 „usu,
298 841 363 902 sive
388 838 528 916 quisita
553 835 731 914 plerumque
757 836 816 896 viri
841 833 961 900 nobiles
987 843 1125 919 egerunt.
1177 835 1297 900 Satires

174 945 302 1016 „autam
318 935 448 1020 legimus
466 937 566 1020 egisse
574 934 718 999 Roscium
737 943 769 999 et
784 935 951 1000 Lentulum
968 935 1100 1016 nobiles,
1117 939 1298 1022 item'toga·

171 1045 245 1117 „tas
270 1036 400 1100 Latinas
427 1036 618 1115 comoedias,
644 1039 716 1116 quia
741 1044 773 1100 et
795 1057 944 1116 personas
966 1046 997 1101 et
1012 1041 1193 1102 memoriam
1209 1040 1300 1102 Lati·

173 1148 269 1218 „nam
286 1137 435 1200 habent.“
477 1137 540 1200 Sed
557 1159 625 1200 cum
644 1135 763 1200 Stievio
780 1139 878 1217 facio,
901 1141 1034 1219 quirem
1052 1141 1084 1202 in
1102 1139 1226 1202 dubium
1241 1161 1297 1202 vo-

132 1235 134 1242 '
173 1239 325 1319 cst211),
352 1259 444 1317 quum
460 1238 570 1302 Livius
597 1249 629 1302 et
645 1235 720 1301 Val.
737 1231 828 1302 Max.
851 1242 964 1320 apertis
981 1239 1083 1304 verbis
1102 1239 1298 1321 confirment,

171 1341 301 1402 iuvenes
318 1337 476 1403 Romanos
503 1338 586 1404 solas
604 1337 764 1404 Atellanas
790 1340 850 1402 sibi
866 1342 1038 1405 vindicasse
1056 1343 1166 1404 ceteris
1183 1341 1299 1406 fabulis

171 1439 374 1508 histrionibus
399 1438 531 1519 relictis,
563 1448 595 1504 et
618 1439 832 1504 Atellanarum
858 1441 1050 1506 solummodo
1076 1452 1197 1506 actores
1222 1451 1299 1506 uota

170 1562 288 1612 vacuos
313 1562 413 1620 neque
439 1541 521 1606 tribu
537 1545 669 1620 moveri,
695 1563 795 1622 neque
821 1564 840 1605 a
865 1542 1048 1607 militaribus
1070 1544 1227 1624 stipendiis
1247 1565 1298 1608 re·
1399 1620 1400 1631 χ

172 1641 257 1725 pelli.
301 1640 423 1706 Sensim
448 1653 554 1706 tamen
579 1663 683 1706 mores
708 1640 919 1707 Romanorum
944 1648 1054 1708 mutati
1079 1652 1164 1725 sunt,
1198 1666 1297 1724 neque
1398 1689 1399 1722 ,

170 1764 263 1825 porro
280 1752 372 1824 turpe
389 1743 573 1821 habebatur,
590 1745 623 1806 in
636 1765 761 1807 scenam
769 1746 893 1824 prodire
909 1744 1083 1826 populoque
1092 1765 1161 1810 esse
1178 1755 1299 1825 specta·
1399 1768 1400 1775 ¹

172 1845 253 1909 culo.
296 1843 355 1907 lul.
382 1845 505 1923 quidem
532 1842 649 1908 Caesar
674 1847 789 1925 primus
806 1847 903 1910 fuisse
924 1849 1061 1926 videtur,
1088 1850 1140 1927 qui
1164 1849 1299 1926 equitem

170 1937 359 2025 Romanum,
376 1945 560 2026 Laberium,
579 1955 688 2010 contra
704 1967 831 2012 morem·
845 1949 961 2013 avitum
976 1946 1098 2028 publice
1116 1969 1206 2032 agere
1224 1969 1299 2012 coe-

170 2048 231 2132 git3
261 2046 419 2129 Augustus
445 2069 566 2127 quoque
593 2048 633 2111 ad
658 2050 795 2111 scenicas
822 2055 855 2112 et
878 2046 1079 2132 gladiatorias
1105 2067 1214 2129 operas
1241 2048 1299 2112 ali·

170 2141 295 2226 quando
322 2148 475 2228 equitibus
492 2145 640 2212 Romanis
656 2151 730 2213 us'us
749 2157 811 2228 est,
836 2153 1013 2231 priusquam
1031 2150 1298 2215 senatusconsulto

168 2249 503 2329 interdiceretur²¹²),
530 2258 627 2314 etex
651 2253 808 2315 iuventute
832 2253 991 2331 utriusque
1014 2253 1129 2314 ordinis
1150 2251 1297 2336 profliga·
1327 2335 1331 2342 1

169 2351 306 2414 tissimus
329 2353 471 2433 quisque,
498 2354 660 2434 quominus
685 2355 718 2418 in
740 2373 834 2433 opera
856 2375 968 2417 scenae
986 2353 1298 2432 arenaequeedeuda
1399 2430 1400 2435 ἵ

169 2452 439 2517 senatusconsulto
458 2460 660 2530 tenerentur,
686 2454 799 2515 famosi
818 2455 931 2516 ¹iudicii
955 2461 1064 2517 notam
1081 2461 1199 2533 «sponte
1224 2453 1296 2516 sub·
1399 2464 1400 2479 ¹

167 2553 257 2616 ibant
268 2559 355 2631 ²1³),
378 2573 478 2630 neque
493 2546 653 2614 Ne'ronem
668 2552 790 2631 puduit,
817 2561 1012 2630 personatum
1030 2551 1209 2636 tragoedias
1227 2575 1297 2617 cau·

168 2656 238 2717 tare
263 2659 296 2715 et
321 2672 448 2730 operam
465 2652 547 2714 inter
563 2653 703 2714 scenicos
720 2652 795 2715 dare
807 2653 888 2737 ²¹⁴).
916 2651 998 2720 ‚lam
1018 2661 1054 2717 ut
1070 2661 1193 2718 ceterae
1209 2654 1296 2718 fabu-

168 2753 219 2816 lae
244 2775 301 2835 per
324 2749 482 2815 Romanos
509 2754 560 2835 agi
586 2761 774 2831 coeperunt,
804 2755 849 2816 ita
873 2751 1039 2818 Atellanae
1065 2755 1105 2817 ad
1129 2755 1296 2819 histriones
1398 2837 1399 2846 ἵ

167 2855 330 2918 transiisse
347 2855 500 2917 videntur.
545 2850 668 2916 Tiberii
692 2860 777 2917 certe
803 2860 908 2918 aetate
923 2854 1091 2919 Atellanae
1113 2859 1176 2920 iam
1192 2856 1296 2920 histri·

169 2954 281 3019 onibus
297 2953 424 3018 relictae
443 2973 511 3017 esse
528 2954 687 3033 videntur,
714 2962 750 3018 ut
765 2962 852 3036 patet
869 2977 886 3018 e
905 2953 1008 3019 Tacit.
1025 2957 1139 3023 Annal.
1157 2955 1217 3036 lv,
1244 2963 1295 3036 14,
1398 2957 1399 3004 ἶ

168 3059 221 3138 qui
237 3057 348 3136 tradit,
366 3055 531 3120 histriones
548 3054 640 3118 ltalia
656 3054 763 3136 pulsos
782 3077 861 3136 esre,
880 3056 962 3137 quo'd
978 3054 1122 3120 Tiberius
1141 3057 1181 3121 ad
1197 3057 1297 3121 Sena·

167 3168 235 3223 tum
250 3157 404 3236 retuderit,
423 3155 540 3220 Oscum
557 3156 711 3238 quondam
726 3156 875 3220 ludicrum
894 3157 1129 3242 collegitiorum
1138 3167 1170 3223 et
1185 3161 1297 3222 virium

167 3263 306 3338 vennae,
332 3267 368 3323 ut
393 3261 575 3321 auctoritate
601 3265 723 3338 patrum
748 3260 790 3322 sit
816 3259 1029 3323 coercendum.
1071 3259 1172 3324 Datus
1192 3262 1295 3338 etiam,

169 3364 221 3443 qui
238 3359 373 3424 Neronis
390 3367 529 3439 tempore
546 3360 641 3438 vixit,
659 3358 875 3424 Atellanarum
891 3359 1000 3423 histrio
1017 3362 1130 3424 dicitur
1142 3363 1237 3442 ²¹⁵),
1263 3368 1296 3423 et
1378 3413 1383 3422 .

170 3482 275 3526 coram
285 3459 519 3526 Trimalchione
537 3462 611 3525 emti
621 3457 772 3525 Comoedi
780 3459 956 3528 Atellanam
972 3462 1091 3526 faciunt
1102 3463 1184 3546 ²¹⁶).
1206 3459 1295 3525 Atel·

167 3687 171 3696 ·
237 3685 298 3744 211)
316 3687 375 3735 uc.
389 3689 464 3746 uuo.

237 3783 299 3852 212)
316 3789 511 3851 suetnuuua,
527 3787 628 3852 utum,
647 3791 670 3837 a.

237 3883 503 3953 mmmm

236 3989 297 4050 214)
314 3991 501 4039 Suet.Ner.21.

237 4089 297 4152 215)
314 4091 503 4140 strumense.

235 4192 297 4260 21⁶)
314 4195 419 4246 Patron.
427 4195 479 4244 Sat.
490 4195 521 4242 53
534 4193 573 4244 ed.
582 4195 664 4243 Burm.
